4184 5500
395 607 464 671 112
799 625 803 634 ·
961 584 1424 659 PROLEGOMENA

399 765 477 844 goti
492 761 533 842 ⁸).
562 761 655 822 Rara
668 759 702 820 in
717 777 821 820 numo
835 757 1025 842 antiquioris
1045 755 1143 818 dabri-
1200 753 1449 820 scribendorum
1468 743 1713 830 nominum'sio,
1736 767 1771 820 ιιι
1787 753 1820 816 in
1838 755 1945 820 antica

402 882 460 928 ose
483 862 567 925 alins
585 875 636 924 est
661 881 795 928 aversae
818 872 923 944 typus.
952 864 991 922 Ιιι
1007 858 1146 924 denario
1200 867 1354 920 exaretur
1376 873 1576 938 cognomen,
1603 855 1638 918 in
1666 876 1779 922 eversa
1804 877 1947 942 praeno·

401 977 592 1049 pervetusto
624 963 731 1044 gentis
764 964 941 1048 Pompeiae
970 959 1143 1025 Faustulus
1200 977 1294 1032 men,
1316 969 1351 1020 et
1369 976 1488 1020 nomen
1506 957 1719 1042 gentilicium.
1763 961 1870 1023 Etiam
1889 961 1944 1026 hio

403 1080 515 1150 pastor
541 1065 689 1149 geminos
710 1087 728 1126 a
749 1065 826 1148 lupa
856 1063 996 1128 nutritos
1032 1061 1143 1127 obser·
1200 1057 1316 1122 modus
1345 1058 1469 1122 circum
1503 1073 1650 1143 tempora
1683 1062 1834 1126 exeuntia
1862 1063 1947 1146 reip.

404 1189 482 1233 vens
500 1187 633 1233 eversae
650 1180 761 1248 typum
780 1166 867 1238 facit,
1204 1157 1313 1224 desiit.

468 1270 523 1330 ΠΙ.
561 1267 844 1360 Quemadmodum
876 1277 972 1349 capnt
1005 1261 1147 1328 Pailadis
1267 1263 1308 1329 V.
1330 1259 1428 1322 Numi
1451 1259 1782 1346 serstiloeurnqnsai
1802 1261 1946 1328 medinm

407 1370 568 1454 galeatum
599 1369 735 1441 alatum,
776 1381 852 1444 nota
880 1364 1006 1438 denarii
1031 1365 1062 1425 X
1079 1361 1147 1439 ,sel
1205 1363 1294 1426 inter
1310 1362 1401 1426 initis
1423 1361 1566 1444 signatae
1587 1379 1737 1428 monetae
1758 1379 1946 1449 argenteae,

406 1471 502 1544 XVI,
530 1467 625 1551 bigae
652 1470 707 1532 vel
731 1466 923 1551 quadrigae,
951 1465 1149 1551 adseriptum
1207 1478 1240 1528 et
1250 1462 1348 1526 finem
1361 1462 1445 1547 reip.
1457 1463 1615 1532 obtinent.
1637 1468 1714 1528 Dixi
1726 1468 1832 1548 eapite
1842 1467 1946 1542 ΧΠ,

406 1569 552 1645 ROMA,
592 1589 665 1631 eum
694 1569 776 1632 haee
807 1569 914 1632 omnis
940 1569 974 1630 in
1001 1588 1067 1632 nno
1095 1587 1150 1630 eo·
1206 1568 1324 1630 horum
1344 1565 1453 1630 certos
1475 1565 1710 1631 vetustissimos
1728 1567 1948 1632 deberianno

408 1669 550 1752 demque
569 1668 703 1733 denario
723 1669 900 1748 habentur,
915 1657 1058 1734 'numum
1076 1689 1149 1734 ease
1206 1669 1247 1736 Y·
1272 1668 1307 1730 C.
1330 1669 1408 1744 deq,
1439 1665 1634 1734 novissimas
1664 1669 1777 1754 pantio
1797 1683 1872 1755 post
1895 1692 1949 1733 an·

409 1770 636 1858 perantiquum
666 1771 736 1834 sino
766 1770 864 1834 dubio
893 1784 1068 1850 testantur,
1102 1772 1150 1834 sio
1206 1783 1283 1834 nom
1300 1768 1485 1834 odorasse.

408 1888 519 1938 tamen
548 1871 661 1936 eadem
691 1875 830 1936 seorsim
859 1887 984 1958 sumpta
1007 1872 1148 1937 denariis
1230 1917 1239 1930 .
1268 1873 1326 1940 vl.
1357 1869 1508 1936 Eandem
1525 1871 1599 1937 fere
1620 1871 1734 1956 sedem
1755 1872 1818 1937 sibi
1841 1887 1950 1957 postn-

407 1976 510 2038 multo
528 1975 624 2038 etiam
645 1975 750 2038 serius
771 1975 856 2038 ensis
874 1975 1057 2040 inhaerent.
1095 1975 1151 2036 sia
1207 1973 1275 2036 tana
1302 1973 1392 2035 nomi
1419 1973 1614 2038 variantibus
1644 1975 1750 2039 literis
1780 1973 1949 2053 solitar'ds,

408 2075 535 2142 denarii
553 2080 596 2142 Μ.
616 2077 704 2140 etC.
722 2077 950 2155 Metellorum,
980 2098 1061 2162 qnos
1080 2096 1154 2140 ιιι·
1207 2073 1294 2136 notis
1306 2073 1541 2152 arithmeticis
1553 2053 1688 2140 minutis
1703 2076 1818 2161 sigillis
1833 2077 1950 2143 onusti

410 2194 479 2244 tum
508 2192 573 2256 est,
614 2177 746 2241 saeculo
779 2179 869 2241 urbis
903 2177 1053 2242 conditae
1079 2177 1152 2246 vu
1208 2176 1279 2238 Hos
1304 2173 1420 2237 modos
1442 2196 1557 2259 neque·
1572 2177 1732 2262 principia
1758 2179 1877 2262 signati
1901 2201 1950 2241 ar·

410 2283 473 2365 jain
512 2292 678 2362 uteunque
718 2293 877 2362 provecto
915 2280 1073 2363 signatos,
1116 2277 1151 2340 in
1209 2273 1476 2360 genti-,tolerunt
1497 2298 1606 2390 neque
1625 2279 1723 2344 focile
1742 2280 1880 2364 emplius
1896 2301 1952 2344 ex·

410 2403 523 2449 aversa
551 2381 670 2444 habent
688 2379 788 2447 decus
809 2381 886 2444 huin
910 2381 999 2465 genti
1020 2378 1062 2442 ab
1085 2378 1153 2442 ele·
1208 2391 1315 2442 treme
1334 2379 1417 2462 reip.
1432 2391 1591 2462 tempora.

410 2483 539 2570 phantis
575 2485 729 2566 petitum,
770 2482 922 2546 denarius
961 2479 1068 2566 gentis
1096 2479 1156 2541 D's·
1273 2479 1345 2546 VII.
1374 2478 1495 2544 Addita
1529 2479 1715 2546 nominibus
1745 2483 1951 2568 magistratus

412 2586 485 2658 dise
510 2583 647 2648 militem
676 2585 741 2649 vite
768 2585 972 2667 castigatum,
1004 2581 1158 2646 denarius
1211 2579 1370 2665 dignitas,
1401 2595 1458 2644 nt:
1491 2583 1637 2663 lflvnt,
1670 2585 1726 2651 val
1760 2585 1877 2648 modus
1907 2597 1953 2666 ty.

413 2685 551 2748 Porciae
573 2685 747 2768 imaginem
769 2686 850 2752 einis
880 2685 1101 2771 provocantis,
1122 2695 1156 2746 et
1211 2703 1271 2768 pos
1299 2682 1511 2766 inscriptione
1538 2683 1686 2768 juvandi,
1717 2699 1789 2750 ιιι.
1813 2687 1952 2754 SALVS

415 2787 658 2850 temenhorum
675 2785 819 2849 omnium
836 2786 1157 2854 antisavetsnistota
1212 2783 1355 2848 additum
1402 2785 1500 2869 ospiti
1544 2785 1683 2864 Salutis,
1730 2787 1955 2852 recentiorum

415 2891 551 2956 rationis
588 2903 647 2953 ιιι
691 2889 795 2973 Caput
824 2891 966 2954 Palladis
995 2889 1156 3012 galeatum
1212 2898 1398 3002 temporum
1435 2887 1602 2954 insessam
1637 2903 1700 2957 est.
1760 2889 1956 2977 Simpiicitss

415 2995 532 3059 alatum
563 2981 669 3057 adhue
696 3005 800 3056 exstat
826 2991 860 3054 in
887 2971 1033 3058 denario
1046 2989 1157 3052 Sullas
1214 2987 1298 3051 utin
1320 2987 1484 3065 mos-ihus,
1516 2990 1569 3053 sio
1590 2993 1676 3054 etin
1698 2993 1805 3057 numia
1830 3007 1957 3058 eertum

416 3095 594 3160 dictatoris.
628 3094 747 3159 Omnia
765 3108 873 3158 tamen
891 3096 973 3159 haee
990 3091 1161 3159 vetustatis
1216 3101 1267 3152 est
1286 3089 1489 3174 antiquitatis
1503 3092 1690 3170 criterium,
1716 3113 1825 3180 neque
1844 3095 1879 3156 in
1893 3097 1959 3158 110·

417 3198 552 3274 indicia,
581 3210 677 3280 caput
694 3197 814 3260 dietum
834 3197 996 3274 Palladis,
1013 3209 1088 3260 nota
1105 3193 1162 3257 de·
1216 3191 1318 3254 manis
1350 3194 1473 3272 selum,
1501 3192 1561 3258 sed
1584 3209 1620 3258 et
1639 3195 1784 3260 Graecis.
1825 3199 1861 3260 in
1879 3195 1959 3258 anti·

420 3299 520 3372 narii,
551 3317 614 3359 vox
638 3297 791 3372 ROMA,
821 3311 855 3360 et
877 3299 972 3382 bigae
996 3299 1043 3361 sio
1065 3295 1161 3358 fictae
1219 3291 1380 3379 quissimis
1405 3295 1496 3357 nulls
1521 3310 1573 3359 est
1596 3297 1817 3382 inscriptionis
1848 3299 1958 3382 eopia,

420 3399 531 3482 paullo
548 3411 621 3478 post
639 3396 724 3460 hono
745 3396 954 3474 dictatorem,
976 3412 1030 3460 sut
1047 3397 1162 3459 saltem
1218 3395 1327 3456 nullus
1350 3395 1517 3480 titplornm
1541 3397 1660 3477 iaetus,
1691 3399 1780 3464 notia
1808 3413 1960 3483 typorum

419 3513 580 3581 vergente
592 3497 632 3561 ad
647 3497 743 3560 linem
758 3499 970 3566 aasaulovtt.
981 3519 1021 3562 ex
1033 3511 1164 3562 moneta
1219 3495 1381 3562 eoniusio.
1424 3499 1564 3576 Confer,
1591 3501 1618 3562 si
1639 3499 1748 3578 lubet,
1769 3501 1895 3586 primos
1909 3521 1962 3566 re-

417 3603 516 3668 ·fuore
535 3599 680 3684 depulso.
710 3601 739 3660 Ε
755 3620 915 3666 converso
933 3621 1164 3686 nonnunquam
1220 3597 1297 3684 gnis
1317 3597 1449 3681 Syriae,
1478 3613 1512 3663 et
1531 3601 1649 3685 passim
1670 3601 1800 3666 urbium
1822 3601 1962 3668 Gnaeos·

421 3705 518 3770 etiam
532 3703 573 3770 ‚in
591 3701 732 3766 denariis
751 3715 800 3765 sat
819 3702 958 3788 antiquis
977 3722 1040 3786 pro
1057 3701 1162 3785 capite
1219 3721 1293 3764 rom
1316 3722 1432 3766 numos
1456 3723 1531 3766 oum
1548 3704 1737 3787 postremis,
1767 3717 1802 3770 et
1821 3705 1910 3769 idem
1927 3707 1962 3768 in

418 3805 561 3872 Palladis
582 3817 631 3868 est
652 3817 747 3887 colant
769 3803 903 3867 alterius
927 3803 1078 3870 numinis.
1116 3805 1164 3866 lte
1218 3801 1287 3880 nia,
1324 3803 1413 3889 qnod
1438 3804 1472 3866 in
1493 3805 1649 3870 nammis
1680 3805 1858 3872 discrimen
1886 3826 1962 3871 sete

417 3909 548 3975 denarii
573 3905 736 3992 Scipionis
766 3905 955 3989 Asiagenis,
993 3907 1048 3991 qui
1076 3906 1163 3970 haud
1220 3903 1351 3969 offeret.

419 4011 521 4076 dubie
539 4009 609 4075 ossi
631 4021 704 4074 sant
722 4003 809 4071 eirea
826 4029 944 4072 annum
967 4008 1009 4074 V.
1025 4009 1062 4076 C.
1080 4009 1162 4087 5⁶4,
1282 4007 1370 4078 vul.
1401 4006 1530 4072 Circum
1559 4022 1709 4094 tempora
1731 4007 1843 4075 Sullas
1864 4011 1982 4096 magi,

422 4115 544 4179 hebent
572 4125 668 4197 ospnt
688 4109 793 4184 loris,
820 4111 910 4172 nemi
931 4112 1162 4189 Metellorum,
1219 4101 1340 4173 stratus
1358 4109 1411 4172 rei
1426 4111 1626 4175 monetariae
1648 4111 1825 4196 praefecti,
1846 4111 1964 4176 saitem

422 4239 503 4304 qnos
518 4213 616 4280 modo
634 4214 745 4291 uitari,
775 4211 939 4298 aliquanto
958 4213 1062 4276 serius
1079 4215 1164 4293 susi,
1220 4211 1443 4296 frequentius,
1480 4214 1585 4276 missis
1612 4214 1781 4280 veteribus
1810 4227 1845 4278 et
1875 4235 1963 4279 eern-

424 4319 480 4382 alii
509 4328 604 4400 eaput
630 4317 788 4432 Palladis,
823 4315 883 4380 elii
910 4329 1005 4400 eaput
1032 4315 1129 4382 dai·
1118 4341 1166 4402 ιιι-
1220 4313 1371 4376 munibus
1395 4315 1480 4397 typis
1503 4330 1695 4401 coeperunt
1714 4315 1873 4382 adhibere
1897 4317 1963 4401 pri·

425 4419 527 4482 senia.
1220 4427 1327 4490 ratos,
1374 4415 1660 4482 commemorando
1701 4417 1821 4484 deeora
1862 4421 1966 4500 avio,

490 4519 547 4585 IV.
577 4519 793 4604 Perantiqpas
831 4533 885 4583 est
919 4520 1014 4584 etism
1048 4519 1164 4584 modus
1219 4535 1273 4585 aut
1290 4519 1379 4582 initis
1396 4520 1522 4604 gentis,
1540 4533 1574 4583 et
1590 4520 1806 4606 proponendo
1824 4521 1973 4600 numine,

461 4828 489 4902 ι)
508 4825 571 4886 Lis.
585 4827 617 4888 L.
627 4825 732 4887 xxtlt.
747 4843 772 4883 c.
784 4837 825 4890 ι5.
