4254 5494
770 536 1055 615 SVLPIC'IA·
1615 566 1686 646 319

130 717 261 801 periuras
287 711 452 776 intulisse.
492 707 652 794 intelligit
669 722 782 774 antem
807 711 884 772 Ser·
940 728 1020 792 ergo
1039 705 1246 790 injudicatam
1264 709 1454 796 relinquere
1468 713 1572 780 satius
1590 731 1680 801 puto,

136 819 225 880 rium
257 815 437 898 Sulpicium
468 812 616 877 Galbam.
660 813 769 895 Atque
793 811 881 876 baec
938 811 1026 894 quod
1042 810 1108 874 leci
1126 812 1223 876 etiam
1239 811 1389 876 insimili
1406 820 1682 885 causaremur·

133 919 219 982 ratio
248 931 316 994 eat,
344 937 407 980 cur
434 917 468 976 in
495 915 546 976 lais
569 913 717 977 denariis
744 933 882 997 praeno·
937 913 980 974 rii
1000 911 1156 980 Secundi.

133 1039 211 1084 rnen
239 1017 428 1084 SERVIVS
455 1016 556 1100 plene
586 1015 765 1092 scribatur,
806 1035 881 1078 eum
998 1015 1080 1078 Pars
1108 1016 1310 1100 aversajam
1331 1017 1365 1080 in
1385 1019 1542 1103 judicium
1563 1043 1680 1092 secan·

132 1121 210 1185 alias
238 1119 451 1204 praenomina
475 1117 682 1198 paucioribus
716 1115 821 1178 literis
844 1115 881 1177 li-
937 1115 988 1182 tls.
1030 1116 1186 1182 Geminos
1223 1133 1344 1184 stantes
1377 1140 1452 1188 csse
1481 1127 1663 1190 Dioscnros

129 1223 197 1284 nini
227 1219 478 1293 consueverint,
518 1231 552 1280 et
584 1217 705 1280 diserta
739 1231 879 1282 testetur
936 1237 1051 1282 eorum
1069 1221 1188 1284 cultus
1211 1235 1253 1284 -at
1279 1221 1430 1286 attributa
1467 1227 1574 1308 palam
1610 1230 1680 1294 elo·

128 1323 327 1388 Plutarchus
350 1327 397 1404 Ι),
419 1339 619 1404 praenomen
639 1317 748 1382 Servii
767 1321 874 1381 tribus
932 1335 1085 1404 quantur.
1100 1325 1221 1412 ¹Atque
1231 1323 1343 1388 iidem
1360 1329 1564 1410 agnoscendi
1574 1333 1681 1392 etiam

129 1427 248 1513 primis
266 1423 371 1487 literis
388 1421 488 1484 luisse
508 1434 683 1485 exaratum.
707 1418 788 1513 Quis
806 1421 877 1484 lue·
933 1441 975 1484 ex
1004 1423 1121 1486 iisdem
1152 1425 1256 1486 censis
1285 1425 1319 1486 in
1347 1429 1451 1490 antica
1478 1429 1605 1493 denarii
1631 1435 1676 1498 ll.

129 1529 175 1593 rit
194 1523 597 1600 lsic·L.ServiusRulus‚
618 1523 779 1586 nonsatis
799 1543 876 1586 con-
932 1523 1034 1586 Causa
1061 1525 1140 1586 lecti
1166 1525 1260 1607 hujus
1287 1529 1356 1611 typi
1383 1527 1461 1607 luit,
1490 1533 1580 1616 quod
1601 1535 1680 1597 Ser·
1810 1574 1815 1586 ,

131 1643 206 1698 stat.
249 1627 446 1693 Existimant
472 1625 610 1702 eruditi,
642 1623 742 1686 luisse
771 1623 875 1687 lilium
932 1625 1002 1688 rius
1037 1625 1200 1708 Sulpicius
1242 1627 1389 1692 tribunos
1427 1633 1567 1697 militum
1601 1655 1680 1700 cen·

131 1731 209 1798 Ser.
229 1729 366 1814 Sulpicii
386 1727 463 1790 Ruli
483 1726 634 1791 celebris·
646 1725 879 1810 jurisconsulti,
936 1726 1036 1786 sulani
1062 1739 1222 1808 potestate
1245 1729 1285 1794 V.
1307 1730 1344 1795 C.
1368 1731 1431 1814 370
1454 1737 1631 1800 Tusculum
1659 1759 1679 1802 a

131 1849 166 1899 et
189 1833 359 1897 Ciceronis
380 1829 492 1907 amici,
522 1829 615 1911 cujus
641 1847 716 1892 cum
744 1847 786 1890 eo
807 1829 881 1890 lite·
936 1827 1059 1889 Latinis
1081 1827 1216 1890 infensis
1236 1843 1325 1893 areta
1341 1831 1512 1898 obsidione
1530 1856 1681 1918 pressum

131 1957 244 2000 aarum
265 1933 498 2000 commercium
518 1945 649 2009 notum,
683 1929 739 2013 qui
765 1927 879 1992 consul
937 1947 1011 1990 cnm
1041 1927 1193 2006 exercitu,
1214 1951 1258 1994 ex
1284 1931 1367 1996 urbe
1394 1934 1572 1999 adcurrens
1598 1937 1680 2004 libc-

131 2039 174 2106 V.
196 2039 234 2104 C.
255 2037 319 2120 703
341 2033 479 2100 subinde
501 2033 649 2096 Caesaris
678 2045 788 2116 partes
814 2053 887 2094 ame
936 2029 1020 2094 revit
1042 2027 1086 2112 Β).
1129 2033 1173 2094 At
1207 2047 1334 2096 constat
1373 2053 1416 2096 ex
1445 2038 1609 2102 Cioerone
1630 2042 1680 2128 α),

131 2141 251 2224 plexus
285 2139 318 2198 ia
353 2137 519 2222 legatione
555 2134 596 2198 arl
629 2137 677 2199 M.
701 2133 879 2196 Antonium
937 2131 1065 2195 stetisse
1080 2133 1214 2196 'l'uaculi
1228 2135 1326 2198 aedes
1340 2137 1551 2218 Cestos-is‚et
1569 2141 1680 2208 Polla·

131 2255 285 2325 tempore
306 2237 388 2302 belli
409 2237 601 2299 Mutinensis
624 2235 721 2312 obiit,
748 2255 791 2298 cx
813 2255 878 2319 quo
937 2232 1001 2308 cis,
1028 2249 1061 2296 et
1081 2235 1247 2298 Castorem
1271 2238 1305 2298 in
1327 2238 1390 2303 boc
1412 2243 1533 2324 oppido
1555 2243 1680 2307 cultum

131 2341 297 2406 Cicerone
324 2351 499 2422 perorante
526 2350 593 2399 tots
619 2335 801 2420 Philippica
821 2336 877 2402 lli.
936 2331 1034 2397 (lueet
1054 2336 1153 2398 etiam
1174 2339 1291 2400 Festus
1313 2334 1356 2422 d).
1384 2343 1682 2426 Hujus¹erge·avi·

131 2459 238 2510 statua
257 2441 289 2505 ei
305 2439 468 2524 pedestris
488 2457 590 2500 aenea
606 2435 710 2522 posits
727 2451 791 2514 est,
812 2457 878 2522 quo
936 2436 961 2498 ti
984 2437 1117 2500 honoris
1137 2459 1231 2502 causa
1253 2461 1319 2504 non
1340 2443 1438 2506 modo
1460 2445 1592 2508 numina
1616 2445 1682 2508 'Pn-

130 2547 212 2611 loco
229 2569 248 2608 a
266 2544 427 2606 Cicerone
444 2553 595 2605 vocatur:
620 2537 692 2602 Scr·
709 2539 881 2624 Sulpicitss
937 2539 1076 2601 sculanis
1099 2540 1271 2623 praecipua
1292 2542 1455 2625 religione
1478 2566 1588 2623 esoce,
1619 2547 1680 2612 scd

134 2643 470 2732 Q.fils'sss1.csacnia
494 2643 611 2724 Reduc.
937 2653 971 2704 et
998 2641 1067 2724 ipsa
1087 2639 1165 2702 urbs
1189 2644 1366 2707 'llusculum
1387 2647 1420 2706 ia
1442 2648 1680 2730 praestantissi-

195 2749 364 2812 Cenauere
401 2743 572 2828 plerique,
617 2753 714 2825 caput
751 2739 910 2834 denarii*
936 2763 989 2805 mo
1008 2743 1113 2806 altero
1130 2761 1230 2805 aureo
1252 2761 1486 2828 proponantur.
1517 2748 1569 2810 Ad
1590 2751 1682 2815 idem

131 2851 253 2936 prioris
280 2867 353 2912 esse
384 2846 480 2930 bajus
511 2843 613 2937 ipsius
644 2843 718 2906 Ser.
741 2843 878 2924 Sulpicii
935 2859 1162 2928 argumentum
1188 2865 1379 2909 resecamus
1400 2850 1496 2911 etiam
1519 2853 1623 2934 capita
1644 2853 1679 2914 in

131 2949 354 3035 jurisconsulti
375 2969 393 3010 a
414 2947 484 3009 lilio
502 2947 530 3006 1.
558 2945 677 3008 Servio
699 2945 877 3006 memoriae
933 2965 1033 3006 numo
1053 2947 1108 3005 lll.
1132 2947 1305 3022 exstantia,
1328 2949 1390 3009 etsi
1411 2949 1680 3034 justa-scriptum

131 3075 228 3118 causa
249 3071 348 3114 numo
370 3049 461 3112 illati.
491 3047 661 3109 Reclamat
681 3045 879 3106 Havcrcam-
935 3045 975 3106 ait
992 3047 1033 3106 D.
1051 3046 1087 3106 P.
1105 3047 1143 3109 P.
1165 3045 1199 3106 id
1222 3059 1288 3108 est:
1317 3049 1382 3109 Dei
1403 3051 1552 3112 Penates.
1584 3053 1680 3114 Simi-

129 3167 342 3240 propropter
360 3151 512 3225 barbam,
536 3167 631 3232 quam
650 3143 790 3208 Romani
810 3144 876 3227 pri·
933 3145 978 3208 lia
1006 3147 1108 3230 capita
1136 3147 1243 3231 jugata
1270 3148 1414 3212 laureata
1435 3151 1678 3219 imminentibus

130 3259 205 3322 elem
233 3257 324 3321 alere
352 3253 521 3330 desiaere3
551 3247 764 3311 referendum
791 3244 875 3308 asleo
933 3247 1027 3310 astris
1057 3262 1131 3310 sunt
1155 3251 1252 3311 etiam
1286 3250 1320 3311 in
1350 3250 1491 3317 denariis
1517 3257 1676 3322 Fonteiae

128 3359 237 3442 potius
266 3357 307 3420 atl
337 3355 565 3438 perantiquum
596 3351 669 3414 Ser.
694 3347 875 3431 Sulpicium
933 3347 1043 3412 addito
1064 3351 1149 3427 1²1²„
1176 3349 1210 3412 id
1229 3365 1297 3416 est:
1332 3354 1481 3418 Penates.
1520 3361 1563 3421 As
1584 3379 1678 3443 aper·

127 3459 248 3522 liniam
277 3455 442 3520 uibnnum
469 3453 607 3516 militum
635 3451 779 3514 'rusculo
809 3471 877 3513 ser·
933 3451 996 3514 tius
1014 3453 1047 3513 in
1066 3453 1172 3534 gentis
1190 3455 1306 3517 antiae
1330 3457 1435 3518 numia
1459 3458 1547 3540 juxta
1570 3461 1675 3544 capita

126 3575 202 3626 vato
234 3559 454 3634 celebratum,
491 3555 533 3619 (le
566 3575 631 3639 quo
663 3573 750 3618 mox.
793 3553 874 3614 Per·
932 3551 1044 3616 itidem
1069 3553 1178 3637 jugata
1201 3553 1323 3638 legitur
1347 3557 1435 3620 DEl.
1457 3559 1674 3627 PENATES.

127 3683 261 3750 peram,
289 3682 364 3724 nam
384 3671 516 3723 veteres
537 3657 589 3718 illi
609 3653 766 3729 Romani,
795 3671 873 3736 que·
930 3655 1068 3720 Diversa
1098 3655 1133 3716 in
1163 3657 1309 3740 speciem
1337 3657 1485 3735 numina,
1515 3661 1589 3744 quia
1618 3663 1676 3725 ali·

126 3785 202 3828 rum
221 3784 289 3826 non
309 3781 386 3825 raro
407 3759 535 3844 efligies
557 3759 592 3820 in
613 3757 674 3820 bac
698 3772 873 3817 numeram
930 3769 983 3820 ter
1004 3757 1038 3818 in
1058 3756 1164 3819 numia
1187 3757 1417 3836 enuncientur,
1439 3759 1546 3843 reipsa
1565 3775 1676 3828 tamen

128 3866 234 3928 classe
260 3875 502 3949 proponuntur,
531 3873 567 3922 nt
592 3859 633 3923 1..
654 3855 749 3920 Basti
773 3855 873 3940 primi
931 3855 1046 3920 eadem
1065 3871 1140 3920 sunt
1157 3879 1229 3922 com
1245 3861 1426 3926 Dioscuris.
1453 3863 1601 3926 Fuerunt
1618 3863 1676 3930 det

128 3966 290 4042 cumulis,
330 3964 472 4042 Ahalae,
508 3961 732 4043 aliorumque,
768 3959 872 4022 multo
929 3959 1069 4024 Penates
1103 3957 1182 4030 tlicti
1210 3959 1390 4028 secuudum
1420 3963 1617 4030 Ciceronem
1642 3967 1673 4050 e)

129 4067 353 4136 liberaliorem
375 4066 509 4130 barbam
531 4063 741 4149 promittunt,
775 4049 871 4146 qu'am
929 4063 1044 4124 sicea
1072 4082 1161 4146 pens
1190 4066 1289 4128 ducto
1323 4069 1455 4129 nomine
1484 4069 1557 4150 (est
1584 4073 1674 4133 enim

129 4189 212 4256 qaae
241 4169 278 4242 in
302 4168 366 4231 bec
395 4166 532 4232 (lonasio
560 4165 672 4229 tenuis
705 4184 743 4228 ac
774 4181 872 4246 parca
930 4185 1043 4241 omne,
1071 4183 1135 4243 quc
1162 4178 1336 4228 vescantur
1361 4167 1537 4244 nomines„
1553 4163 1675 4252 plenus)

128 4293 229 4356 genas
245 4271 352 4346 vestit.
372 4269 526 4333 Putarem
543 4266 766 4342 Octavianum,
784 4265 873 4350 quod
929 4271 1000 4330 sive
1025 4269 1069 4328 ab
1090 4285 1145 4342 aaa
1173 4268 1262 4344 quod
1284 4267 1414 4352 penitus
1438 4271 1603 4347 inrident,
1630 4291 1675 4338 ea

127 4377 191 4456 jam
228 4371 390 4456 aliquibus
429 4375 552 4445 visum,
595 4367 652 4431 setl
691 4387 757 4430 non
795 4367 871 4428 satis
929 4387 993 4448 quo
1009 4370 1111 4430 etiam
1126 4367 1315 4449 penetrales
1333 4372 1480 4450 apoets's
1501 4385 1672 4437 secantur.

126 4477 214 4538 banc
254 4473 468 4556 comprobant
506 4471 711 4534 lineamenta.
762 4469 872 4532 Litem
918 4465 1115 4566 ‘Secundum
1132 4467 1335 4534 Macrobium
1356 4467 1392 4555 l).
1429 4473 1566 4536 Penates
1585 4491 1674 4553 sunt,

133 4593 1679 4632 W

163 4701 196 4770 s)
216 4697 437 4770 Quaestllsm.
517 4697 554 4767 b)
572 4697 633 4753 Lis.
650 4693 744 4752 lavi.
762 4711 787 4748 e·
799 4704 843 4756 53·
926 4691 1332 4763 eldeffit'lml·la·1.s.43·
1422 4695 1457 4770 d)
1476 4697 1678 4778 instropptss.

129 4797 155 4844 a*
182 4789 218 4846 de
234 4788 302 4846 tiss.
318 4785 400 4846 cleos.
413 4787 494 4847 Mt
513 4795 593 4848 Mi·-
676 4785 703 4855 s)
723 4782 838 4840 Saum·
854 4781 947 4843 ΜΗ.
967 4802 991 4842 t.
1002 4791 1028 4846 l.
