4254 5494
810 563 1040 642 ROSCIA.
1622 581 1694 665 295

145 757 209 824 qne
226 735 364 803 henorii
377 745 470 799 netes
488 735 560 802 init.
582 737 635 800 De
645 737 769 800 Rosoio
785 737 821 798 in
837 755 889 800 en·
944 731 1098 806 tendent.
1120 731 1218 796 etiem
1232 729 1383 796 Rosoiem
1397 729 1593 798 Febetemm
1612 753 1691 820 gen·

144 841 222 904 dem
247 837 330 902 urbe
358 851 436 902 neto
459 839 541 903 haee
570 841 691 904 Cicero
713 841 761 921 ·)=
798 837 891 921 Quid
945 849 1012 900 tem
1027 833 1174 898 Leontio
1190 833 1292 896 inisse
1310 835 1489 900 oriundum.
1517 837 1687 924 Diolege·

143 963 288 1017 amores.
308 961 349 1006 ne
363 941 508 1004 deliciae
521 955 601 1006 tune
617 943 783 1005 Roscius?
809 957 888 1004 nunt
943 951 996 1000 tos
1010 957 1029 1000 e
1045 935 1207 1019 Pompeio
1225 935 1265 998 ed
1285 937 1458 1000 Ceeeerem
1479 935 1595 1002 misses
1613 961 1687 1024 per·

143 1055 206 1107 eut
222 1046 312 1128 ipse,
342 1057 404 1106 out
421 1063 484 1126 pro
502 1063 541 1105 eo
565 1043 754 1106 Lanuvium
780 1051 888 1102 totunt
943 1038 1036 1100 hibet
1063 1037 1103 1100 1..
1127 1037 1321 1118 Caesarem,
1351 1051 1385 1100 et
1412 1021 1453 1105 15.
1467 1041 1623 1106 Roeeiem
1645 1045 1686 1125 e),
1726 1079 1732 1088 ,

142 1147 390 1210 mentiebatur?
410 1139 470 1225 qui
491 1161 566 1206 ouen
585 1159 672 1208 esset
690 1146 727 1206 in
744 1142 890 1206 eunedu·
945 1151 978 1203 rt
999 1139 1118 1202 Gioero
1139 1139 1180 1204 1..
1198 1141 1389 1217 Censorem,
1411 1155 1445 1204 et
1462 1139 1619 1206 Fabatum
1641 1141 1686 1224 d),

141 1250 204 1324 lis,
234 1248 496 1326 educareturque
514 1249 552 1308 in
574 1245 726 1320 Solonio,
758 1245 819 1336 poi
837 1254 889 1306 est
945 1239 1103 1304 hebem'ee
1136 1259 1219 1325 erge
1256 1241 1439 1326 legatorum
1480 1244 1619 1308 nitorem
1647 1247 1686 1306 1..

139 1349 561 1431 ennpnsegrtdnnuonm
577 1343 816 1410 noetulumine
832 1345 890 1406 nd·
944 1343 1102 1406 Rotoinm
1137 1343 1313 1420 Fabatum,
1351 1343 1437 1407 sonte
1478 1345 1581 1409 fllium
1616 1347 1687 1430 ejus

135 1453 252 1532 posito
280 1437 473 1534 experrecta
504 1451 623 1512 nosris
649 1447 889 1510 animaduertit
944 1445 985 1510 Ia.
1002 1444 1116 1507 Roscii
1136 1443 1268 1522 naban,
1292 1467 1310 1508 e
1331 1467 1397 1530 qno
1418 1461 1609 1530 praesentes
1629 1448 1689 1512 de·

135 1569 281 1634 puerunt
293 1553 508 1614 dormientem
524 1550 809 1630 circumplieotunt
822 1567 890 1608 sen·
944 1545 1028 1608 nerii
1042 1547 1125 1612 ensi.

137 1655 253 1733 pentir
269 1653 437 1736 amplexu.
475 1652 550 1735 Quo
569 1663 702 1734 ospeette
723 1652 889 1712 exten-ito
1008 1646 1060 1708 Ad
1077 1649 1164 1711 huno
1185 1647 1295 1711 locum
1318 1645 1448 1726 distuli,
1476 1671 1559 1734 qnee
1577 1651 1619 1714 de
1636 1655 1687 1714 Ie·

141 1759 320 1818 otnsnoretn
336 1753 487 1817 sustulit.
518 1751 622 1816 Peter
645 1763 757 1814 nutent
773 1751 890 1812 Roscii
944 1765 1033 1811 none
1062 1747 1141 1824 heo,
1170 1767 1237 1810 nen
1264 1749 1402 1812 Leontii
1422 1751 1539 1828 modo,
1572 1752 1632 1816 sed
1653 1765 1689 1816 et

143 1857 191 1924 nd
206 1855 548 1937 inremuneratus,
565 1854 624 1934 qui
641 1853 888 1932 responderunt,
945 1846 981 1910 in
1001 1847 1085 1912 erbe
1107 1851 1217 1935 magni
1237 1850 1394 1927 nominis,
1424 1851 1489 1933 jem
1518 1851 1560 1915 ed
1581 1853 1689 1918 terion

142 1957 314 2020 ntnttttto
334 1977 437 2038 puero
462 1956 606 2032 elarius,
638 1955 727 2018 ninii
742 1953 889 2016 nobilius
946 1951 1092 2036 gentium
1113 1950 1381 2034 praecedentium
1407 1973 1523 2018 numos
1549 1953 1690 2017 enimed·

130 2057 224 2140 sore.
254 2052 364 2124 Video
385 2048 532 2122 eruditis
549 2075 680 2132 ornnes,
703 2055 808 2140 quiin
826 2055 888 2116 hoe
944 2052 1104 2116 vertenda
1122 2053 1229 2116 tuere.
1259 2055 1432 2118 Innumero
1448 2067 1523 2118 sent
1536 2069 1690 2122 veterum

144 2157 261 2222 Roscii
282 2158 397 2221 Febeti
423 2177 539 2221 numos
566 2171 640 2221 sent
661 2153 890 2234 commentati,
946 2169 1133 2230 anctorum,
1164 2169 1218 2218 ont
1240 2171 1523 2220 monumentorum
1545 2155 1690 2222 testimo·

142 2261 227 2324 heee
239 2259 408 2326 Ciceronis
424 2257 524 2324 verbe
538 2257 579 2322 ed
595 2273 729 2343 gentem
744 2269 889 2320 nestram
946 2257 1020 2330 nie,
1043 2275 1125 2340 qnae
1148 2257 1325 2320 stabilitum
1346 2259 1484 2324 Leontii
1511 2261 1582 2344 eine
1604 2257 1687 2322 dete

141 2363 298 2426 Roeoiem
316 2359 505 2424 muneribus
518 2357 658 2444 publicio
673 2361 707 2422 in
719 2357 801 2420 urhe
812 2375 890 2420 oen·
946 2355 1071 2420 eeltnm
1092 2361 1270 2424 memorien
1293 2361 1481 2446 prodidere.
1521 2359 1589 2425 Sed
1610 2361 1692 2425 ierit

144 2465 293 2548 spionem
313 2461 464 2538 referre,
492 2475 589 2548 etque
607 2481 649 2525 ex
672 2461 712 2524 iis
729 2457 887 2546 probare.
945 2459 1093 2524 ediinitee
1114 2461 1281 2526 nominem
1302 2463 1467 2540 Lanuuii,
1489 2476 1524 2526 et
1540 2465 1689 2542 Lemnii,

144 2563 401 2628 Roeoioeinieee
414 2563 562 2628 Lanuvio
577 2561 750 2642 oriundos,
766 2561 889 2626 etertis
946 2573 1070 2626 utnon
1093 2562 1218 2625 librarii
1240 2561 1359 2640 modo,
1392 2563 1451 2628 sed
1472 2564 1535 2648 ipei
1558 2583 1688 2650 quoqne

142 2666 259 2730 mireri
283 2686 350 2730 non
373 2685 525 2750 poenum,
546 2685 609 2748 que
633 2665 759 2730 ratione
775 2677 890 2749 potne-
945 2675 1098 2727 unctores
1127 2663 1297 2728 Letininm
1334 2683 1396 2748 pro
1435 2667 1583 2732 Lanuvio
1619 2667 1689 2732 site

145 2773 190 2832 rit
211 2747 369 2832 'adserere
386 2765 544 2840 Vrsinus,
573 2765 890 2832 memoretumistnd
946 2785 1010 2850 per
1046 2763 1320 2848 inprudentiam,
1363 2766 1433 2832 eive
1473 2767 1693 2856 ignorentient

144 2883 335 2954 torpentem
355 2867 541 2952 prodigium
559 2865 594 2930 in
613 2868 734 2934 Roscio
750 2869 890 2946 Fabae,
947 2867 1142 2932 seriberent.
1184 2867 1310 2952 Lepene
1331 2891 1350 2933 e
1368 2867 1529 2952 Dionysio
1545 2871 1691 2934 Halicar-

148 2973 241 3054 cnjee
255 2983 532 3053 snntpreesentee
551 2967 686 3046 denarii,
703 2970 890 3054 contigisse.
947 2969 1095 3032 neeeenei
1124 2981 1159 3030 et
1180 2969 1317 3032 Aeliano
1345 2969 1502 3033 edmiseoe
1530 2991 1628 3054 supra
1654 2971 1690 3034 in

147 3074 280 3138 Etenim
302 3093 377 3136 eum
396 3071 515 3134 Cicero
532 3069 635 3154 megin
657 3071 739 3134 inire
756 3071 891 3134 eteltom
948 3081 1047 3152 gente
1081 3068 1182 3150 Pnpie
1221 3069 1469 3150 perstrinximus
1525 3071 1691 3134 Librnrio·

146 3174 234 3240 istud
251 3173 447 3258 prodigium,
466 3171 739 3258 haruspicumque
757 3192 892 3256 respon·
947 3189 1022 3234 rem
1043 3181 1175 3254 petente
1196 3169 1260 3252 jem
1287 3169 1327 3233 nb
1355 3165 1426 3234 eliis
1447 3170 1618 3238 obterente
1638 3193 1690 3236 re·

147 3295 220 3342 eom
243 3275 294 3342 his
315 3275 425 3342 verbis
444 3273 594 3338 irridente
624 3295 701 3339 nunt
723 3277 810 3355 qood
831 3275 892 3337 ltn-
947 3273 1042 3357 perio
1070 3269 1156 3355 epod
1186 3269 1341 3336 Ovidium
1362 3275 1410 3356 ⁸)s
1446 3273 1691 3354 Lauiniumque

150 3381 297 3461 ruspiees
328 3379 581 3458 responderunt,
616 3375 705 3438 nittt
733 3377 794 3440 ttto
825 3377 893 3439 eln-
948 3393 1074 3452 meunt,
1095 3387 1130 3438 et
1150 3371 1236 3458 opud
1258 3375 1374 3438 Silium
1393 3373 1438 3457 ἧς
1471 3376 1615 3440 Lavinio
1635 3397 1691 3460 ge·

149 3483 239 3556 rius.
268 3479 361 3544 niltii
380 3479 527 3544 nobilius
534 3479 634 3560 sore,
664 3479 784 3554 miror,
814 3479 893 3540 deos
949 3487 1081 3555 nemte,
1112 3475 1166 3540 eni
1186 3476 1321 3540 lectioni
1344 3489 1477 3560 praeter
1500 3491 1691 3562 argumente

149 3581 356 3648 immortales
380 3577 629 3644 Hetrntoltt
643 3579 768 3660 futuro
792 3579 892 3641 einsi-
948 3577 1010 3642 elie
1049 3577 1126 3642 setis
1154 3577 1284 3662 cognite
1318 3578 1476 3644 reclamet
1507 3579 1604 3644 etiem
1633 3581 1690 3644 lex

147 3695 254 3750 tnteen
291 3683 493 3758 ostendisse,
537 3680 666 3744 nuttam
709 3683 892 3744 ostendisse
949 3681 1066 3758 metri,
1096 3699 1171 3744 eum
1193 3679 1229 3742 in
1258 3678 1419 3746 vocabulo
1441 3679 1619 3746 Lavinium
1640 3704 1690 3749 te·

150 3785 321 3869 Asrieono
335 3781 387 3866 ¹²),
419 3781 493 3868 quie
514 3801 581 3843 non
608 3779 717 3857 videt,
743 3800 810 3844 non
839 3779 890 3864 egi
950 3781 1054 3846 onndn
1071 3781 1192 3866 eyllebn
1209 3796 1301 3844 nerto
1321 3779 1530 3866 proderetur.

148 3886 203 3951 hio
221 3885 264 3951 de
279 3899 393 3950 nostro
412 3887 452 3951 1..
468 3883 590 3946 Roscio
609 3881 752 3962 debete,
774 3881 834 3946 sed
849 3881 891 3978 Q.
1011 3882 1117 3976 Quem
1134 3897 1284 3948 tortores
1303 3882 1422 3966 passim
1440 3879 1556 3948 dixere
1579 3883 1690 3968 Sospi-

149 3987 271 4053 Roscio
290 3985 449 4050 histrione
467 3985 501 4046 in
522 3983 631 4068 pneris
650 3983 758 4063 olere,
779 3985 832 4049 oei
849 4004 892 4048 ex
948 3997 1034 4064 tum,
1063 3987 1154 4049 numi
1178 3985 1351 4062 Antonini,
1380 3995 1415 4049 et
1437 3983 1609 4050 Commodi
1633 4008 1688 4073 ep·

145 4091 235 4154 insto
250 4091 405 4154 Comoedi
418 4105 601 4172 cognomen
616 4087 764 4165 inditum,
778 4109 893 4175 qoem·
946 4087 1071 4172 pellent
1086 4087 1255 4170 Sirpitnns.
1281 4088 1416 4151 Certum
1430 4099 1554 4166 temen,
1571 4089 1689 4156 veinis·

149 4211 213 4281 qne
242 4191 365 4256 Cicero
389 4210 483 4254 reum
510 4191 674 4270 emtione,
703 4191 794 4273 oejns
816 4211 890 4274 pere
946 4209 983 4255 ee
1000 4203 1172 4275 utromque
1194 4188 1456 4274 appeliationem.
1499 4193 1546 4255 ite
1567 4211 1685 4278 nempe

148 4305 271 4371 exstet,
290 4292 460 4358 defendit?
478 4293 602 4356 Temen
618 4291 737 4356 horum
750 4295 819 4378 typi
834 4293 891 4356 de·
945 4293 1062 4356 Festos
1085 4293 1136 4374 e)t
1178 4292 1334 4378 dispitesn
1371 4291 1547 4372 Iunonent,
1587 4315 1688 4378 queen

146 4397 330 4474 uariorum,
361 4395 416 4482 qni
433 4395 594 4464 Leontini
614 4395 675 4459 toti
695 4409 784 4474 eunt,
815 4415 890 4480 per·
944 4395 1044 4478 vulgo
1058 4393 1221 4477 Sospitene
1234 4393 1415 4478 appellent,
1430 4415 1505 4460 eune
1517 4417 1557 4460 en
1568 4417 1634 4462 eon
1644 4417 1689 4464 en

182 4739 213 4804 e)
233 4735 496 4794 nebiensem.
512 4739 593 4800 ιω,
668 4735 703 4804 b)
723 4731 760 4789 de
776 4729 994 4788 Dieinetdnii.
1013 4743 1091 4796 e.3t.
1171 4735 1203 4806 e)
1222 4711 1415 4806 L.XL1.§.5.
1490 4734 1525 4808 d)
1546 4731 1585 4790 ed
1601 4730 1689 4794 Attio.

145 4824 178 4882 l..
191 4823 269 4884 tut.
283 4843 330 4902 ep.
348 4838 389 4886 ιι.
464 4831 496 4898 e)
514 4825 751 4886 inevinoo.
824 4819 1101 4894 obmittit.
1177 4825 1209 4900 p)
1229 4821 1430 4902 inSiepitem.
