<?xml version="1.0" encoding="UTF-8"?>
<!DOCTYPE html PUBLIC "-//W3C//DTD XHTML 1.0 Transitional//EN"
    "http://www.w3.org/TR/xhtml1/DTD/xhtml1-transitional.dtd">
<html xmlns="http://www.w3.org/1999/xhtml" xml:lang="en" lang="en">
 <head>
  <title>
</title>
<meta http-equiv="Content-Type" content="text/html;charset=utf-8" />
  <meta name='ocr-system' content='tesseract 3.04.00' />
  <meta name='ocr-capabilities' content='ocr_page ocr_carea ocr_par ocr_line ocrx_word'/>
</head>
<body>
  <div class='ocr_page' id='page_1' title='image "./doctrinanumorum01millgoog_0035.png"; bbox 0 0 4212 5516; ppageno 0'>
   <div class='ocr_carea' id='block_1_1' title="bbox 1061 550 1346 625">
    <p class='ocr_par' dir='ltr' id='par_1_1' title="bbox 1061 550 1346 625">
     <span class='ocr_line' id='line_1_1' title="bbox 1061 550 1346 625; baseline -0.018 -2"><span class='ocrx_word' id='word_1_1' title='bbox 1061 550 1252 625; x_wconf 72' lang='lat' dir='ltr'><strong>cartu</strong></span> <span class='ocrx_word' id='word_1_2' title='bbox 1286 551 1346 620; x_wconf 87' lang='lat'><em>111.</em></span> 
     </span>
    </p>
   </div>
   <div class='ocr_carea' id='block_1_2' title="bbox 939 853 1462 1114">
    <p class='ocr_par' dir='ltr' id='par_1_2' title="bbox 939 853 1462 1114">
     <span class='ocr_line' id='line_1_2' title="bbox 1140 853 1255 966; baseline 0.009 -27"><span class='ocrx_word' id='word_1_3' title='bbox 1140 875 1176 966; x_wconf 69' lang='lat' dir='ltr'><strong>p.</strong></span> <span class='ocrx_word' id='word_1_4' title='bbox 1198 853 1255 940; x_wconf 80' lang='lat'><strong>111.</strong></span> 
     </span>
     <span class='ocr_line' id='line_1_3' title="bbox 939 1031 1462 1114; baseline -0.004 -19"><span class='ocrx_word' id='word_1_5' title='bbox 939 1034 993 1095; x_wconf 83' lang='lat' dir='ltr'><strong>Dc</strong></span> <span class='ocrx_word' id='word_1_6' title='bbox 1014 1035 1187 1112; x_wconf 75' lang='lat' dir='ltr'><strong>quinario,</strong></span> <span class='ocrx_word' id='word_1_7' title='bbox 1208 1031 1343 1114; x_wconf 77' lang='lat' dir='ltr'><strong>ejusque</strong></span> <span class='ocrx_word' id='word_1_8' title='bbox 1362 1036 1462 1098; x_wconf 78' lang='lat' dir='ltr'><strong>notis.</strong></span> 
     </span>
    </p>
   </div>
   <div class='ocr_carea' id='block_1_3' title="bbox 421 1183 1989 1418">
    <p class='ocr_par' dir='ltr' id='par_1_3' title="bbox 421 1183 1989 1418">
     <span class='ocr_line' id='line_1_4' title="bbox 486 1183 1988 1320; baseline -0.003 -22"><span class='ocrx_word' id='word_1_9' title='bbox 486 1235 617 1301; x_wconf 85' lang='lat' dir='ltr'><strong>Nomen</strong></span> <span class='ocrx_word' id='word_1_10' title='bbox 639 1230 782 1318; x_wconf 88' lang='lat' dir='ltr'><strong>quinarii</strong></span> <span class='ocrx_word' id='word_1_11' title='bbox 809 1231 871 1313; x_wconf 82' lang='lat' dir='ltr'><strong>jem</strong></span> <span class='ocrx_word' id='word_1_12' title='bbox 897 1231 1005 1316; x_wconf 82' lang='lat' dir='ltr'><strong>ipsum</strong></span> <span class='ocrx_word' id='word_1_13' title='bbox 1036 1229 1177 1310; x_wconf 85' lang='lat' dir='ltr'><strong>indicat,</strong></span> <span class='ocrx_word' id='word_1_14' title='bbox 1230 1183 1456 1314; x_wconf 74' lang='lat' dir='ltr'><strong>conjecturas,</strong></span> <span class='ocrx_word' id='word_1_15' title='bbox 1481 1229 1637 1315; x_wconf 89' lang='lat' dir='ltr'><strong>quicum</strong></span> <span class='ocrx_word' id='word_1_16' title='bbox 1655 1229 1837 1300; x_wconf 70' lang='lat' dir='ltr'>Victoriam</span> <span class='ocrx_word' id='word_1_17' title='bbox 1856 1231 1891 1295; x_wconf 90' lang='lat' dir='ltr'><strong>in</strong></span> <span class='ocrx_word' id='word_1_18' title='bbox 1912 1235 1988 1320; x_wconf 85' lang='lat' dir='ltr'><strong>qui-</strong></span> 
     </span>
     <span class='ocr_line' id='line_1_5' title="bbox 421 1329 1989 1418; baseline 0 -18"><span class='ocrx_word' id='word_1_19' title='bbox 421 1359 559 1402; x_wconf 85' lang='lat' dir='ltr'><strong>numum</strong></span> <span class='ocrx_word' id='word_1_20' title='bbox 578 1337 625 1399; x_wconf 89' lang='lat' dir='ltr'><strong>sic</strong></span> <span class='ocrx_word' id='word_1_21' title='bbox 646 1331 844 1418; x_wconf 80' lang='lat' dir='ltr'><strong>appellatum</strong></span> <span class='ocrx_word' id='word_1_22' title='bbox 863 1332 966 1396; x_wconf 75' lang='lat' dir='ltr'><strong>tuisse</strong></span> <span class='ocrx_word' id='word_1_23' title='bbox 984 1329 1113 1395; x_wconf 89' lang='lat' dir='ltr'><strong>denarii</strong></span> <span class='ocrx_word' id='word_1_24' title='bbox 1130 1332 1177 1395; x_wconf 91' lang='lat' dir='ltr'><strong>di·</strong></span> <span class='ocrx_word' id='word_1_25' title='bbox 1232 1333 1333 1396; x_wconf 90' lang='lat' dir='ltr'><strong>uariis</strong></span> <span class='ocrx_word' id='word_1_26' title='bbox 1353 1351 1542 1416; x_wconf 69' lang='lat' dir='ltr'><strong>expressam</strong></span> <span class='ocrx_word' id='word_1_27' title='bbox 1559 1331 1688 1411; x_wconf 81' lang='lat' dir='ltr'><strong>vident,</strong></span> <span class='ocrx_word' id='word_1_28' title='bbox 1704 1334 1861 1398; x_wconf 86' lang='lat' dir='ltr'><strong>continue</strong></span> <span class='ocrx_word' id='word_1_29' title='bbox 1880 1337 1989 1401; x_wconf 78' lang='lat' dir='ltr'><strong>victo-</strong></span> 
     </span>
    </p>
   </div>
   <div class='ocr_carea' id='block_1_4' title="bbox 416 1434 2083 1521">
    <p class='ocr_par' dir='ltr' id='par_1_4' title="bbox 416 1434 2083 1521">
     <span class='ocr_line' id='line_1_6' title="bbox 416 1434 2083 1521; baseline -0.001 -19"><span class='ocrx_word' id='word_1_30' title='bbox 416 1439 579 1514; x_wconf 89' lang='lat' dir='ltr'><strong>·midium‚</strong></span> <span class='ocrx_word' id='word_1_31' title='bbox 611 1434 704 1520; x_wconf 89' lang='lat' dir='ltr'><strong>quud</strong></span> <span class='ocrx_word' id='word_1_32' title='bbox 733 1435 1008 1497; x_wconf 65' lang='lat' dir='ltr'><strong>succutiuntur</strong></span> <span class='ocrx_word' id='word_1_33' title='bbox 1030 1435 1177 1498; x_wconf 85' lang='lat' dir='ltr'><strong>auctori·</strong></span> <span class='ocrx_word' id='word_1_34' title='bbox 1232 1435 1314 1498; x_wconf 87' lang='lat' dir='ltr'><strong>riam</strong></span> <span class='ocrx_word' id='word_1_35' title='bbox 1331 1435 1454 1518; x_wconf 84' lang='lat' dir='ltr'><strong>ipsum,</strong></span> <span class='ocrx_word' id='word_1_36' title='bbox 1476 1434 1568 1516; x_wconf 87' lang='lat' dir='ltr'><strong>cujus</strong></span> <span class='ocrx_word' id='word_1_37' title='bbox 1583 1453 1682 1498; x_wconf 85' lang='lat' dir='ltr'><strong>eausa</strong></span> <span class='ocrx_word' id='word_1_38' title='bbox 1695 1435 1769 1518; x_wconf 89' lang='lat' dir='ltr'><strong>ejus</strong></span> <span class='ocrx_word' id='word_1_39' title='bbox 1785 1435 1896 1521; x_wconf 77' lang='lat' dir='ltr'><strong>imago</strong></span> <span class='ocrx_word' id='word_1_40' title='bbox 1912 1457 1986 1502; x_wconf 86' lang='lat' dir='ltr'><strong>mo·</strong></span> <span class='ocrx_word' id='word_1_41' title='bbox 2082 1459 2083 1462; x_wconf 45' lang='lat'>¹</span> 
     </span>
    </p>
   </div>
   <div class='ocr_carea' id='block_1_5' title="bbox 421 1532 1983 1720">
    <p class='ocr_par' dir='ltr' id='par_1_5' title="bbox 421 1532 1983 1720">
     <span class='ocr_line' id='line_1_7' title="bbox 422 1532 1983 1622; baseline 0.001 -20"><span class='ocrx_word' id='word_1_42' title='bbox 422 1552 491 1604; x_wconf 87' lang='lat' dir='ltr'><strong>tate</strong></span> <span class='ocrx_word' id='word_1_43' title='bbox 512 1537 613 1601; x_wconf 79' lang='lat' dir='ltr'><strong>Plinii</strong></span> <span class='ocrx_word' id='word_1_44' title='bbox 642 1535 847 1620; x_wconf 72' lang='lat' dir='ltr'><strong>paragrapho</strong></span> <span class='ocrx_word' id='word_1_45' title='bbox 878 1532 1099 1618; x_wconf 87' lang='lat' dir='ltr'><strong>praecedente</strong></span> <span class='ocrx_word' id='word_1_46' title='bbox 1127 1535 1175 1599; x_wconf 90' lang='lat' dir='ltr'><strong>ci·</strong></span> <span class='ocrx_word' id='word_1_47' title='bbox 1230 1535 1457 1609; x_wconf 72' lang='lat' dir='ltr'><strong>semediata,</strong></span> <span class='ocrx_word' id='word_1_48' title='bbox 1483 1534 1681 1613; x_wconf 72' lang='lat' dir='ltr'><strong>emulantur,</strong></span> <span class='ocrx_word' id='word_1_49' title='bbox 1704 1539 1884 1622; x_wconf 73' lang='lat' dir='ltr'><strong>praecipue</strong></span> <span class='ocrx_word' id='word_1_50' title='bbox 1905 1560 1983 1604; x_wconf 88' lang='lat' dir='ltr'><strong>eum</strong></span> 
     </span>
     <span class='ocr_line' id='line_1_8' title="bbox 421 1637 1983 1720; baseline 0.001 -17"><span class='ocrx_word' id='word_1_51' title='bbox 421 1640 499 1720; x_wconf 85' lang='lat' dir='ltr'><strong>tuti,</strong></span> <span class='ocrx_word' id='word_1_52' title='bbox 526 1654 597 1702; x_wconf 91' lang='lat' dir='ltr'><strong>tum</strong></span> <span class='ocrx_word' id='word_1_53' title='bbox 620 1652 655 1702; x_wconf 90' lang='lat' dir='ltr'><strong>et</strong></span> <span class='ocrx_word' id='word_1_54' title='bbox 674 1637 824 1700; x_wconf 84' lang='lat' dir='ltr'><strong>instituto</strong></span> <span class='ocrx_word' id='word_1_55' title='bbox 845 1637 887 1701; x_wconf 86' lang='lat' dir='ltr'><strong>sd</strong></span> <span class='ocrx_word' id='word_1_56' title='bbox 907 1637 1069 1702; x_wconf 84' lang='lat' dir='ltr'><strong>bilancem</strong></span> <span class='ocrx_word' id='word_1_57' title='bbox 1098 1657 1173 1701; x_wconf 83' lang='lat' dir='ltr'><strong>exa·</strong></span> <span class='ocrx_word' id='word_1_58' title='bbox 1223 1650 1413 1702; x_wconf 88' lang='lat' dir='ltr'><strong>etcertum</strong></span> <span class='ocrx_word' id='word_1_59' title='bbox 1439 1657 1613 1700; x_wconf 86' lang='lat' dir='ltr'><strong>rumorum</strong></span> <span class='ocrx_word' id='word_1_60' title='bbox 1644 1655 1750 1720; x_wconf 79' lang='lat' dir='ltr'><strong>genus</strong></span> <span class='ocrx_word' id='word_1_61' title='bbox 1776 1643 1965 1706; x_wconf 73' lang='lat' dir='ltr'><strong>Victoriam·</strong></span> <span class='ocrx_word' id='word_1_62' title='bbox 1972 1689 1983 1720; x_wconf 91' lang='lat'><strong>,</strong></span> 
     </span>
    </p>
   </div>
   <div class='ocr_carea' id='block_1_6' title="bbox 423 1737 2084 1826">
    <p class='ocr_par' dir='ltr' id='par_1_6' title="bbox 423 1737 2084 1826">
     <span class='ocr_line' id='line_1_9' title="bbox 423 1737 2084 1826; baseline 0.002 -22"><span class='ocrx_word' id='word_1_63' title='bbox 423 1742 524 1809; x_wconf 87' lang='lat' dir='ltr'><strong>mine.</strong></span> <span class='ocrx_word' id='word_1_64' title='bbox 562 1744 616 1804; x_wconf 88' lang='lat' dir='ltr'><strong>De</strong></span> <span class='ocrx_word' id='word_1_65' title='bbox 644 1739 715 1823; x_wconf 88' lang='lat' dir='ltr'><strong>ejus</strong></span> <span class='ocrx_word' id='word_1_66' title='bbox 741 1740 856 1806; x_wconf 76' lang='lat' dir='ltr'><strong>valore</strong></span> <span class='ocrx_word' id='word_1_67' title='bbox 881 1739 993 1803; x_wconf 87' lang='lat' dir='ltr'><strong>dicere</strong></span> <span class='ocrx_word' id='word_1_68' title='bbox 1020 1757 1172 1822; x_wconf 87' lang='lat' dir='ltr'><strong>superse·</strong></span> <span class='ocrx_word' id='word_1_69' title='bbox 1229 1739 1272 1804; x_wconf 90' lang='lat' dir='ltr'><strong>de</strong></span> <span class='ocrx_word' id='word_1_70' title='bbox 1311 1739 1427 1826; x_wconf 88' lang='lat' dir='ltr'><strong>quibus</strong></span> <span class='ocrx_word' id='word_1_71' title='bbox 1464 1759 1541 1806; x_wconf 86' lang='lat' dir='ltr'><strong>mox</strong></span> <span class='ocrx_word' id='word_1_72' title='bbox 1578 1757 1733 1823; x_wconf 78' lang='lat' dir='ltr'><strong>agemus,</strong></span> <span class='ocrx_word' id='word_1_73' title='bbox 1772 1737 1979 1822; x_wconf 78' lang='lat' dir='ltr'><strong>dicerentur,</strong></span> <span class='ocrx_word' id='word_1_74' title='bbox 2083 1760 2084 1770; x_wconf 59' lang='lat'>¹</span> 
     </span>
    </p>
   </div>
   <div class='ocr_carea' id='block_1_7' title="bbox 323 1841 1982 3354">
    <p class='ocr_par' dir='ltr' id='par_1_7' title="bbox 323 1841 1982 3354">
     <span class='ocr_line' id='line_1_10' title="bbox 424 1841 1982 1929; baseline 0.003 -25"><span class='ocrx_word' id='word_1_75' title='bbox 424 1843 506 1922; x_wconf 87' lang='lat' dir='ltr'><strong>deo,</strong></span> <span class='ocrx_word' id='word_1_76' title='bbox 533 1843 611 1929; x_wconf 89' lang='lat' dir='ltr'><strong>quia</strong></span> <span class='ocrx_word' id='word_1_77' title='bbox 639 1842 668 1906; x_wconf 92' lang='lat' dir='ltr'><strong>is</strong></span> <span class='ocrx_word' id='word_1_78' title='bbox 693 1843 853 1928; x_wconf 77' lang='lat' dir='ltr'><strong>analogus</strong></span> <span class='ocrx_word' id='word_1_79' title='bbox 875 1861 1013 1927; x_wconf 88' lang='lat' dir='ltr'><strong>semper</strong></span> <span class='ocrx_word' id='word_1_80' title='bbox 1035 1842 1100 1906; x_wconf 76' lang='lat' dir='ltr'><strong>tuit</strong></span> <span class='ocrx_word' id='word_1_81' title='bbox 1118 1864 1172 1910; x_wconf 75' lang='lat' dir='ltr'><strong>ra·</strong></span> <span class='ocrx_word' id='word_1_82' title='bbox 1225 1841 1316 1906; x_wconf 86' lang='lat' dir='ltr'><strong>oudo</strong></span> <span class='ocrx_word' id='word_1_83' title='bbox 1334 1844 1517 1926; x_wconf 79' lang='lat' dir='ltr'><strong>arguimus,</strong></span> <span class='ocrx_word' id='word_1_84' title='bbox 1531 1861 1627 1904; x_wconf 89' lang='lat' dir='ltr'><strong>usum</strong></span> <span class='ocrx_word' id='word_1_85' title='bbox 1637 1854 1675 1906; x_wconf 85' lang='lat' dir='ltr'><strong>et</strong></span> <span class='ocrx_word' id='word_1_86' title='bbox 1690 1843 1982 1925; x_wconf 87' lang='lat' dir='ltr'><strong>consuetudinem,</strong></span> 
     </span>
     <span class='ocr_line' id='line_1_11' title="bbox 421 1943 1978 2032; baseline 0.003 -25"><span class='ocrx_word' id='word_1_87' title='bbox 421 1947 491 2009; x_wconf 83' lang='lat' dir='ltr'><strong>-iori</strong></span> <span class='ocrx_word' id='word_1_88' title='bbox 510 1945 650 2012; x_wconf 82' lang='lat' dir='ltr'><strong>denarii.</strong></span> <span class='ocrx_word' id='word_1_89' title='bbox 728 1975 730 1978; x_wconf 95' lang='lat'>·</span> <span class='ocrx_word' id='word_1_90' title='bbox 1227 1965 1296 2006; x_wconf 87' lang='lat' dir='ltr'><strong>non</strong></span> <span class='ocrx_word' id='word_1_91' title='bbox 1315 1943 1450 2009; x_wconf 87' lang='lat' dir='ltr'><strong>relatam</strong></span> <span class='ocrx_word' id='word_1_92' title='bbox 1472 1945 1613 2026; x_wconf 85' lang='lat' dir='ltr'><strong>aliquem</strong></span> <span class='ocrx_word' id='word_1_93' title='bbox 1632 1945 1805 2010; x_wconf 77' lang='lat' dir='ltr'><strong>victoriam</strong></span> <span class='ocrx_word' id='word_1_94' title='bbox 1824 1947 1910 2011; x_wconf 84' lang='lat' dir='ltr'><strong>hunc</strong></span> <span class='ocrx_word' id='word_1_95' title='bbox 1928 1961 1978 2032; x_wconf 77' lang='lat' dir='ltr'><strong>ty·</strong></span> 
     </span>
     <span class='ocr_line' id='line_1_12' title="bbox 484 2043 1981 2132; baseline -0.001 -21"><span class='ocrx_word' id='word_1_96' title='bbox 484 2049 658 2132; x_wconf 86' lang='lat' dir='ltr'><strong>Ejusnota</strong></span> <span class='ocrx_word' id='word_1_97' title='bbox 672 2044 787 2124; x_wconf 81' lang='lat' dir='ltr'><strong>i&#39;uitV,</strong></span> <span class='ocrx_word' id='word_1_98' title='bbox 802 2043 960 2106; x_wconf 87' lang='lat' dir='ltr'><strong>nimirum</strong></span> <span class='ocrx_word' id='word_1_99' title='bbox 976 2045 1067 2129; x_wconf 91' lang='lat' dir='ltr'><strong>quod</strong></span> <span class='ocrx_word' id='word_1_100' title='bbox 1080 2045 1173 2129; x_wconf 90' lang='lat' dir='ltr'><strong>quiu-</strong></span> <span class='ocrx_word' id='word_1_101' title='bbox 1228 2065 1308 2127; x_wconf 89' lang='lat' dir='ltr'><strong>pum</strong></span> <span class='ocrx_word' id='word_1_102' title='bbox 1332 2044 1602 2128; x_wconf 72' lang='lat' dir='ltr'><strong>praescripsisse,</strong></span> <span class='ocrx_word' id='word_1_103' title='bbox 1625 2045 1899 2130; x_wconf 76' lang='lat' dir='ltr'>quemadmodum</span> <span class='ocrx_word' id='word_1_104' title='bbox 1924 2071 1981 2116; x_wconf 76' lang='lat' dir='ltr'><strong>ve·</strong></span> 
     </span>
     <span class='ocr_line' id='line_1_13' title="bbox 419 2144 1979 2236; baseline 0.003 -24"><span class='ocrx_word' id='word_1_105' title='bbox 419 2170 490 2236; x_wconf 82' lang='lat' dir='ltr'><strong>que</strong></span> <span class='ocrx_word' id='word_1_106' title='bbox 516 2169 603 2214; x_wconf 84' lang='lat' dir='ltr'><strong>esses</strong></span> <span class='ocrx_word' id='word_1_107' title='bbox 628 2151 767 2216; x_wconf 79' lang='lat' dir='ltr'><strong>voleret.</strong></span> <span class='ocrx_word' id='word_1_108' title='bbox 802 2147 838 2205; x_wconf 88' lang='lat' dir='ltr'><strong>in</strong></span> <span class='ocrx_word' id='word_1_109' title='bbox 864 2146 1050 2222; x_wconf 88' lang='lat' dir='ltr'><strong>nonnullis,</strong></span> <span class='ocrx_word' id='word_1_110' title='bbox 1074 2159 1112 2207; x_wconf 93' lang='lat' dir='ltr'><strong>ut</strong></span> <span class='ocrx_word' id='word_1_111' title='bbox 1138 2145 1173 2206; x_wconf 92' lang='lat' dir='ltr'><strong>in</strong></span> <span class='ocrx_word' id='word_1_112' title='bbox 1230 2159 1282 2208; x_wconf 89' lang='lat' dir='ltr'><strong>tus</strong></span> <span class='ocrx_word' id='word_1_113' title='bbox 1306 2144 1487 2208; x_wconf 85' lang='lat' dir='ltr'><strong>institutum</strong></span> <span class='ocrx_word' id='word_1_114' title='bbox 1510 2159 1549 2209; x_wconf 87' lang='lat' dir='ltr'><strong>et</strong></span> <span class='ocrx_word' id='word_1_115' title='bbox 1575 2167 1653 2210; x_wconf 89' lang='lat' dir='ltr'><strong>usus</strong></span> <span class='ocrx_word' id='word_1_116' title='bbox 1677 2167 1809 2232; x_wconf 86' lang='lat' dir='ltr'><strong>proram</strong></span> <span class='ocrx_word' id='word_1_117' title='bbox 1831 2151 1924 2218; x_wconf 77' lang='lat' dir='ltr'><strong>nevis</strong></span> <span class='ocrx_word' id='word_1_118' title='bbox 1944 2151 1979 2216; x_wconf 89' lang='lat' dir='ltr'><strong>in</strong></span> 
     </span>
     <span class='ocr_line' id='line_1_14' title="bbox 425 2243 1514 2340; baseline -0.004 -26"><span class='ocrx_word' id='word_1_119' title='bbox 425 2251 582 2338; x_wconf 77' lang='lat' dir='ltr'><strong>quinariis</strong></span> <span class='ocrx_word' id='word_1_120' title='bbox 619 2248 727 2332; x_wconf 80' lang='lat' dir='ltr'><strong>gentis</strong></span> <span class='ocrx_word' id='word_1_121' title='bbox 763 2245 995 2327; x_wconf 80' lang='lat' dir='ltr'><strong>Egnatuleise,</strong></span> <span class='ocrx_word' id='word_1_122' title='bbox 1030 2258 1085 2308; x_wconf 82' lang='lat' dir='ltr'><strong>est</strong></span> <span class='ocrx_word' id='word_1_123' title='bbox 1116 2243 1172 2340; x_wconf 74' lang='lat' dir='ltr'><strong>Q,</strong></span> <span class='ocrx_word' id='word_1_124' title='bbox 1225 2245 1343 2309; x_wconf 82' lang='lat' dir='ltr'><strong>aeneis</strong></span> <span class='ocrx_word' id='word_1_125' title='bbox 1364 2245 1514 2330; x_wconf 74' lang='lat' dir='ltr'><strong>signarit</strong></span> 
     </span>
     <span class='ocr_line' id='line_1_15' title="bbox 423 2345 1979 2440; baseline 0.003 -24"><span class='ocrx_word' id='word_1_126' title='bbox 423 2371 547 2435; x_wconf 88' lang='lat' dir='ltr'><strong>nempe</strong></span> <span class='ocrx_word' id='word_1_127' title='bbox 564 2349 661 2411; x_wconf 87' lang='lat' dir='ltr'><strong>litera</strong></span> <span class='ocrx_word' id='word_1_128' title='bbox 681 2345 839 2430; x_wconf 72' lang='grc' dir='ltr'><strong>ἆςχαιυσα</strong></span> <span class='ocrx_word' id='word_1_129' title='bbox 850 2345 1015 2440; x_wconf 63' lang='lat' dir='ltr'><strong>quinarii.</strong></span> <span class='ocrx_word' id='word_1_130' title='bbox 1291 2347 1434 2411; x_wconf 75' lang='lat' dir='ltr'><strong>motans</strong></span> <span class='ocrx_word' id='word_1_131' title='bbox 1450 2347 1531 2410; x_wconf 85' lang='lat' dir='ltr'><strong>mihi</strong></span> <span class='ocrx_word' id='word_1_132' title='bbox 1548 2369 1682 2435; x_wconf 83' lang='lat' dir='ltr'><strong>semper</strong></span> <span class='ocrx_word' id='word_1_133' title='bbox 1699 2353 1768 2420; x_wconf 73' lang='lat' dir='ltr'><strong>titt</strong></span> <span class='ocrx_word' id='word_1_134' title='bbox 1787 2355 1892 2440; x_wconf 75' lang='lat' dir='ltr'><strong>oretis</strong></span> <span class='ocrx_word' id='word_1_135' title='bbox 1910 2355 1979 2418; x_wconf 86' lang='lat' dir='ltr'><strong>Pli-</strong></span> 
     </span>
     <span class='ocr_line' id='line_1_16' title="bbox 487 2445 1979 2541; baseline 0.005 -29"><span class='ocrx_word' id='word_1_136' title='bbox 487 2455 524 2513; x_wconf 86' lang='lat' dir='ltr'><strong>ln</strong></span> <span class='ocrx_word' id='word_1_137' title='bbox 542 2448 702 2536; x_wconf 73' lang='lat' dir='ltr'><strong>quinariis</strong></span> <span class='ocrx_word' id='word_1_138' title='bbox 726 2446 973 2532; x_wconf 72' lang='lat' dir='ltr'><strong>antiquissimis,</strong></span> <span class='ocrx_word' id='word_1_139' title='bbox 1000 2459 1040 2510; x_wconf 89' lang='lat' dir='ltr'><strong>ut</strong></span> <span class='ocrx_word' id='word_1_140' title='bbox 1062 2460 1098 2512; x_wconf 87' lang='lat' dir='ltr'><strong>et</strong></span> <span class='ocrx_word' id='word_1_141' title='bbox 1122 2467 1172 2511; x_wconf 83' lang='lat' dir='ltr'><strong>se·</strong></span> <span class='ocrx_word' id='word_1_142' title='bbox 1226 2445 1294 2522; x_wconf 82' lang='lat' dir='ltr'><strong>uti,</strong></span> <span class='ocrx_word' id='word_1_143' title='bbox 1320 2469 1417 2533; x_wconf 88' lang='lat' dir='ltr'><strong>quam</strong></span> <span class='ocrx_word' id='word_1_144' title='bbox 1437 2463 1625 2534; x_wconf 77' lang='lat' dir='ltr'><strong>opportune</strong></span> <span class='ocrx_word' id='word_1_145' title='bbox 1648 2453 1712 2518; x_wconf 85' lang='lat' dir='ltr'><strong>hoc</strong></span> <span class='ocrx_word' id='word_1_146' title='bbox 1736 2456 1813 2520; x_wconf 87' lang='lat' dir='ltr'><strong>loco</strong></span> <span class='ocrx_word' id='word_1_147' title='bbox 1836 2457 1871 2518; x_wconf 92' lang='lat' dir='ltr'><strong>in</strong></span> <span class='ocrx_word' id='word_1_148' title='bbox 1893 2457 1979 2541; x_wconf 88' lang='lat' dir='ltr'><strong>judi·</strong></span> 
     </span>
     <span class='ocr_line' id='line_1_17' title="bbox 420 2547 1979 2642; baseline 0.003 -26"><span class='ocrx_word' id='word_1_149' title='bbox 420 2553 563 2630; x_wconf 89' lang='lat' dir='ltr'><strong>stertiis,</strong></span> <span class='ocrx_word' id='word_1_150' title='bbox 587 2551 687 2613; x_wconf 87' lang='lat' dir='ltr'><strong>iidem</strong></span> <span class='ocrx_word' id='word_1_151' title='bbox 710 2551 808 2612; x_wconf 71' lang='lat' dir='ltr'><strong>tuere</strong></span> <span class='ocrx_word' id='word_1_152' title='bbox 834 2549 923 2632; x_wconf 84' lang='lat' dir='ltr'><strong>typi,</strong></span> <span class='ocrx_word' id='word_1_153' title='bbox 942 2547 1004 2633; x_wconf 87' lang='lat' dir='ltr'><strong>qui</strong></span> <span class='ocrx_word' id='word_1_154' title='bbox 1021 2549 1057 2610; x_wconf 88' lang='lat' dir='ltr'><strong>in</strong></span> <span class='ocrx_word' id='word_1_155' title='bbox 1070 2549 1172 2612; x_wconf 87' lang='lat' dir='ltr'><strong>dena·</strong></span> <span class='ocrx_word' id='word_1_156' title='bbox 1223 2547 1315 2612; x_wconf 64' lang='lat' dir='ltr'><strong>mum</strong></span> <span class='ocrx_word' id='word_1_157' title='bbox 1332 2569 1505 2630; x_wconf 73' lang='lat' dir='ltr'><strong>vocamus,</strong></span> <span class='ocrx_word' id='word_1_158' title='bbox 1522 2553 1619 2637; x_wconf 86' lang='lat' dir='ltr'><strong>eujus</strong></span> <span class='ocrx_word' id='word_1_159' title='bbox 1636 2555 1739 2622; x_wconf 80' lang='lat' dir='ltr'><strong>rerba</strong></span> <span class='ocrx_word' id='word_1_160' title='bbox 1754 2571 1832 2621; x_wconf 87' lang='lat' dir='ltr'><strong>sunt</strong></span> <span class='ocrx_word' id='word_1_161' title='bbox 1847 2557 1895 2642; x_wconf 81' lang='lat'><strong>·)=</strong></span> <span class='ocrx_word' id='word_1_162' title='bbox 1918 2561 1979 2622; x_wconf 78' lang='lat' dir='ltr'><strong>Li·</strong></span> 
     </span>
     <span class='ocr_line' id='line_1_18' title="bbox 424 2651 1978 2744; baseline 0.003 -24"><span class='ocrx_word' id='word_1_163' title='bbox 424 2657 499 2733; x_wconf 87' lang='lat' dir='ltr'><strong>riis,</strong></span> <span class='ocrx_word' id='word_1_164' title='bbox 525 2673 664 2737; x_wconf 85' lang='lat' dir='ltr'><strong>nempe:</strong></span> <span class='ocrx_word' id='word_1_165' title='bbox 698 2655 805 2732; x_wconf 84' lang='lat' dir='ltr'><strong>Caput</strong></span> <span class='ocrx_word' id='word_1_166' title='bbox 829 2651 979 2713; x_wconf 81' lang='lat' dir='ltr'><strong>Palladis</strong></span> <span class='ocrx_word' id='word_1_167' title='bbox 996 2652 1172 2734; x_wconf 74' lang='lat' dir='ltr'><strong>galeatum</strong></span> <span class='ocrx_word' id='word_1_168' title='bbox 1224 2653 1303 2714; x_wconf 77' lang='lat' dir='ltr'><strong>nius</strong></span> <span class='ocrx_word' id='word_1_169' title='bbox 1330 2654 1465 2717; x_wconf 77' lang='lat' dir='ltr'><strong>Drusus</strong></span> <span class='ocrx_word' id='word_1_170' title='bbox 1488 2658 1534 2738; x_wconf 61' lang='lat' dir='ltr'><strong>s‘un</strong></span> <span class='ocrx_word' id='word_1_171' title='bbox 1544 2657 1724 2720; x_wconf 80' lang='lat' dir='ltr'><strong>tribunatu</strong></span> <span class='ocrx_word' id='word_1_172' title='bbox 1750 2661 1861 2744; x_wconf 80' lang='lat' dir='ltr'><strong>plebis</strong></span> <span class='ocrx_word' id='word_1_173' title='bbox 1885 2673 1978 2724; x_wconf 81' lang='lat' dir='ltr'><strong>outn-</strong></span> 
     </span>
     <span class='ocr_line' id='line_1_19' title="bbox 416 2751 1978 2844; baseline 0.004 -26"><span class='ocrx_word' id='word_1_174' title='bbox 416 2759 561 2821; x_wconf 85' lang='lat' dir='ltr'><strong>olutum.</strong></span> <span class='ocrx_word' id='word_1_175' title='bbox 605 2752 629 2815; x_wconf 67' lang='grc' dir='ltr'><strong>Ξ</strong></span> <span class='ocrx_word' id='word_1_176' title='bbox 658 2751 798 2817; x_wconf 75' lang='lat' dir='ltr'><strong>Romu.</strong></span> <span class='ocrx_word' id='word_1_177' title='bbox 845 2753 1005 2815; x_wconf 77' lang='lat' dir='ltr'><strong>Dioscuri</strong></span> <span class='ocrx_word' id='word_1_178' title='bbox 1033 2755 1169 2832; x_wconf 80' lang='lat' dir='ltr'><strong>equites.</strong></span> <span class='ocrx_word' id='word_1_179' title='bbox 1226 2771 1302 2813; x_wconf 82' lang='lat' dir='ltr'><strong>vam</strong></span> <span class='ocrx_word' id='word_1_180' title='bbox 1317 2765 1447 2834; x_wconf 82' lang='lat' dir='ltr'><strong>purtem</strong></span> <span class='ocrx_word' id='word_1_181' title='bbox 1464 2757 1553 2818; x_wconf 80' lang='lat' dir='ltr'><strong>ueris</strong></span> <span class='ocrx_word' id='word_1_182' title='bbox 1566 2771 1708 2839; x_wconf 83' lang='lat' dir='ltr'><strong>urgento</strong></span> <span class='ocrx_word' id='word_1_183' title='bbox 1726 2763 1872 2824; x_wconf 76' lang='lat' dir='ltr'><strong>miscuit·</strong></span> <span class='ocrx_word' id='word_1_184' title='bbox 1905 2761 1978 2844; x_wconf 74' lang='lat' dir='ltr'><strong>Qus*</strong></span> 
     </span>
     <span class='ocr_line' id='line_1_20' title="bbox 423 2853 1974 2942; baseline 0.002 -22"><span class='ocrx_word' id='word_1_185' title='bbox 423 2858 540 2922; x_wconf 82' lang='lat' dir='ltr'><strong>Serius</strong></span> <span class='ocrx_word' id='word_1_186' title='bbox 569 2855 718 2926; x_wconf 83' lang='lat' dir='ltr'><strong>Victoria</strong></span> <span class='ocrx_word' id='word_1_187' title='bbox 752 2867 933 2938; x_wconf 88' lang='lat' dir='ltr'><strong>perpetuus</strong></span> <span class='ocrx_word' id='word_1_188' title='bbox 965 2853 1040 2936; x_wconf 83' lang='lat' dir='ltr'><strong>ejus</strong></span> <span class='ocrx_word' id='word_1_189' title='bbox 1073 2866 1169 2936; x_wconf 81' lang='lat' dir='ltr'><strong>typus</strong></span> <span class='ocrx_word' id='word_1_190' title='bbox 1227 2873 1316 2914; x_wconf 80' lang='lat' dir='ltr'><strong>nesae</strong></span> <span class='ocrx_word' id='word_1_191' title='bbox 1337 2853 1537 2936; x_wconf 70' lang='lat' dir='ltr'><strong>victoriatus</strong></span> <span class='ocrx_word' id='word_1_192' title='bbox 1561 2859 1764 2939; x_wconf 81' lang='lat' dir='ltr'><strong>appellatur,</strong></span> <span class='ocrx_word' id='word_1_193' title='bbox 1799 2863 1873 2942; x_wconf 81' lang='lat' dir='ltr'><strong>lega</strong></span> <span class='ocrx_word' id='word_1_194' title='bbox 1900 2863 1974 2926; x_wconf 84' lang='lat' dir='ltr'><strong>Clu·</strong></span> 
     </span>
     <span class='ocr_line' id='line_1_21' title="bbox 419 2955 1975 3046; baseline 0 -22"><span class='ocrx_word' id='word_1_195' title='bbox 419 2959 541 3038; x_wconf 82' lang='lat' dir='ltr'><strong>evasit,</strong></span> <span class='ocrx_word' id='word_1_196' title='bbox 571 2959 636 3044; x_wconf 81' lang='lat' dir='ltr'><strong>jam</strong></span> <span class='ocrx_word' id='word_1_197' title='bbox 659 2971 793 3046; x_wconf 85' lang='lat' dir='ltr'><strong>&#39;partem</strong></span> <span class='ocrx_word' id='word_1_198' title='bbox 818 2957 958 3021; x_wconf 86' lang='lat' dir='ltr'><strong>anticam</strong></span> <span class='ocrx_word' id='word_1_199' title='bbox 988 2960 1169 3038; x_wconf 76' lang='lat' dir='ltr'><strong>occupent,</strong></span> <span class='ocrx_word' id='word_1_200' title='bbox 1221 2955 1286 3014; x_wconf 73' lang='lat' dir='ltr'><strong>dtu</strong></span> <span class='ocrx_word' id='word_1_201' title='bbox 1305 2973 1481 3035; x_wconf 76' lang='lat' dir='ltr'><strong>perstemus</strong></span> <span class='ocrx_word' id='word_1_202' title='bbox 1501 2970 1561 3021; x_wconf 85' lang='lat' dir='ltr'><strong>est.</strong></span> <span class='ocrx_word' id='word_1_203' title='bbox 1590 2961 1707 3022; x_wconf 73' lang='lat' dir='ltr'><strong>Antea</strong></span> <span class='ocrx_word' id='word_1_204' title='bbox 1730 2965 1819 3024; x_wconf 83' lang='lat' dir='ltr'><strong>enim</strong></span> <span class='ocrx_word' id='word_1_205' title='bbox 1839 2962 1896 3026; x_wconf 75' lang='lat' dir='ltr'><strong>hie</strong></span> <span class='ocrx_word' id='word_1_206' title='bbox 1914 2984 1975 3024; x_wconf 85' lang='lat' dir='ltr'><strong>nu·</strong></span> 
     </span>
     <span class='ocr_line' id='line_1_22' title="bbox 420 3057 1971 3144; baseline 0.001 -20"><span class='ocrx_word' id='word_1_207' title='bbox 420 3061 485 3144; x_wconf 84' lang='lat' dir='ltr'><strong>jam</strong></span> <span class='ocrx_word' id='word_1_208' title='bbox 507 3063 553 3124; x_wconf 90' lang='lat' dir='ltr'><strong>·in</strong></span> <span class='ocrx_word' id='word_1_209' title='bbox 575 3081 726 3127; x_wconf 80' lang='lat' dir='ltr'><strong>aversam</strong></span> <span class='ocrx_word' id='word_1_210' title='bbox 754 3060 907 3144; x_wconf 83' lang='lat' dir='ltr'><strong>trajectu,</strong></span> <span class='ocrx_word' id='word_1_211' title='bbox 942 3058 1098 3142; x_wconf 81' lang='lat' dir='ltr'><strong>varioque</strong></span> <span class='ocrx_word' id='word_1_212' title='bbox 1124 3075 1169 3120; x_wconf 82' lang='lat' dir='ltr'><strong>ea</strong></span> <span class='ocrx_word' id='word_1_213' title='bbox 1221 3073 1300 3118; x_wconf 82' lang='lat' dir='ltr'><strong>mus</strong></span> <span class='ocrx_word' id='word_1_214' title='bbox 1325 3073 1368 3118; x_wconf 70' lang='lat' dir='ltr'><strong>ee</strong></span> <span class='ocrx_word' id='word_1_215' title='bbox 1393 3057 1533 3140; x_wconf 56' lang='lat' dir='ltr'><strong>Ildrrs&#39;co</strong></span> <span class='ocrx_word' id='word_1_216' title='bbox 1562 3061 1721 3123; x_wconf 82' lang='lat' dir='ltr'><strong>advectus</strong></span> <span class='ocrx_word' id='word_1_217' title='bbox 1750 3067 1869 3128; x_wconf 80' lang='lat' dir='ltr'><strong>mercis</strong></span> <span class='ocrx_word' id='word_1_218' title='bbox 1897 3065 1971 3126; x_wconf 84' lang='lat' dir='ltr'><strong>loco</strong></span> 
     </span>
     <span class='ocr_line' id='line_1_23' title="bbox 404 3155 1971 3246; baseline 0.001 -19"><span class='ocrx_word' id='word_1_219' title='bbox 404 3162 549 3240; x_wconf 85' lang='lat' dir='ltr'><strong>&#39;habitu,</strong></span> <span class='ocrx_word' id='word_1_220' title='bbox 587 3165 653 3246; x_wconf 71' lang='lat' dir='ltr'><strong>iam</strong></span> <span class='ocrx_word' id='word_1_221' title='bbox 682 3177 789 3241; x_wconf 85' lang='lat' dir='ltr'><strong>stans,</strong></span> <span class='ocrx_word' id='word_1_222' title='bbox 825 3163 890 3246; x_wconf 76' lang='lat' dir='ltr'><strong>jam</strong></span> <span class='ocrx_word' id='word_1_223' title='bbox 923 3159 1064 3235; x_wconf 90' lang='lat' dir='ltr'><strong>sedens,</strong></span> <span class='ocrx_word' id='word_1_224' title='bbox 1103 3157 1168 3240; x_wconf 89' lang='lat' dir='ltr'><strong>jum</strong></span> <span class='ocrx_word' id='word_1_225' title='bbox 1225 3155 1418 3220; x_wconf 77' lang='lat' dir='ltr'><strong>habebatur.</strong></span> <span class='ocrx_word' id='word_1_226' title='bbox 1456 3159 1521 3222; x_wconf 85' lang='lat' dir='ltr'><strong>Est</strong></span> <span class='ocrx_word' id='word_1_227' title='bbox 1544 3173 1656 3222; x_wconf 82' lang='lat' dir='ltr'><strong>eutem</strong></span> <span class='ocrx_word' id='word_1_228' title='bbox 1680 3164 1837 3243; x_wconf 78' lang='lat' dir='ltr'><strong>signatus</strong></span> <span class='ocrx_word' id='word_1_229' title='bbox 1860 3164 1971 3232; x_wconf 87' lang='lat' dir='ltr'><strong>Victo·</strong></span> 
     </span>
     <span class='ocr_line' id='line_1_24' title="bbox 323 3257 1971 3354; baseline 0.002 -31"><span class='ocrx_word' id='word_1_230' title='bbox 323 3269 328 3275; x_wconf 88' lang='lat'>&#39;</span> <span class='ocrx_word' id='word_1_231' title='bbox 420 3276 592 3346; x_wconf 73' lang='lat' dir='ltr'><strong>tropaeum</strong></span> <span class='ocrx_word' id='word_1_232' title='bbox 617 3276 778 3340; x_wconf 88' lang='lat' dir='ltr'><strong>statuens,</strong></span> <span class='ocrx_word' id='word_1_233' title='bbox 804 3264 867 3347; x_wconf 86' lang='lat' dir='ltr'><strong>jam</strong></span> <span class='ocrx_word' id='word_1_234' title='bbox 892 3262 1054 3346; x_wconf 89' lang='lat' dir='ltr'><strong>quidquid</strong></span> <span class='ocrx_word' id='word_1_235' title='bbox 1076 3259 1168 3324; x_wconf 86' lang='lat' dir='ltr'><strong>aliud</strong></span> <span class='ocrx_word' id='word_1_236' title='bbox 1223 3257 1290 3332; x_wconf 84' lang='lat' dir='ltr'><strong>ria,</strong></span> <span class='ocrx_word' id='word_1_237' title='bbox 1315 3271 1349 3320; x_wconf 81' lang='lat' dir='ltr'><strong>et</strong></span> <span class='ocrx_word' id='word_1_238' title='bbox 1367 3260 1446 3320; x_wconf 82' lang='lat' dir='ltr'><strong>inde</strong></span> <span class='ocrx_word' id='word_1_239' title='bbox 1466 3279 1593 3326; x_wconf 85' lang='lat' dir='ltr'><strong>nomen.</strong></span> <span class='ocrx_word' id='word_1_240' title='bbox 1621 3261 1757 3354; x_wconf 78' lang='lat' dir='ltr'><strong>Quaero</strong></span> <span class='ocrx_word' id='word_1_241' title='bbox 1777 3264 1903 3344; x_wconf 87' lang='lat' dir='ltr'><strong>abste,</strong></span> <span class='ocrx_word' id='word_1_242' title='bbox 1925 3266 1971 3328; x_wconf 89' lang='lat' dir='ltr'><strong>mi</strong></span> 
     </span>
    </p>
   </div>
   <div class='ocr_carea' id='block_1_8' title="bbox 420 3357 2087 3449">
    <p class='ocr_par' dir='ltr' id='par_1_8' title="bbox 420 3357 2087 3449">
     <span class='ocr_line' id='line_1_25' title="bbox 420 3357 2087 3449; baseline 0.002 -23"><span class='ocrx_word' id='word_1_243' title='bbox 420 3383 595 3448; x_wconf 78' lang='lat' dir='ltr'><strong>peregens.</strong></span> <span class='ocrx_word' id='word_1_244' title='bbox 643 3366 697 3425; x_wconf 88' lang='lat' dir='ltr'><strong>Ex</strong></span> <span class='ocrx_word' id='word_1_245' title='bbox 730 3377 822 3427; x_wconf 89' lang='lat' dir='ltr'><strong>tanto</strong></span> <span class='ocrx_word' id='word_1_246' title='bbox 854 3364 1080 3449; x_wconf 68' lang='lat' dir='ltr'><strong>quintrionem</strong></span> <span class='ocrx_word' id='word_1_247' title='bbox 1113 3382 1168 3424; x_wconf 91' lang='lat' dir='ltr'><strong>su·</strong></span> <span class='ocrx_word' id='word_1_248' title='bbox 1220 3357 1394 3434; x_wconf 77' lang='lat' dir='ltr'><strong>Secunde!</strong></span> <span class='ocrx_word' id='word_1_249' title='bbox 1413 3357 1471 3422; x_wconf 86' lang='lat' dir='ltr'><strong>ubi</strong></span> <span class='ocrx_word' id='word_1_250' title='bbox 1483 3363 1627 3444; x_wconf 75' lang='lat' dir='ltr'><strong>gentium</strong></span> <span class='ocrx_word' id='word_1_251' title='bbox 1645 3384 1820 3448; x_wconf 88' lang='lat' dir='ltr'><strong>percussus</strong></span> <span class='ocrx_word' id='word_1_252' title='bbox 1837 3367 1892 3430; x_wconf 87' lang='lat' dir='ltr'><strong>hic</strong></span> <span class='ocrx_word' id='word_1_253' title='bbox 1910 3387 1968 3429; x_wconf 89' lang='lat' dir='ltr'><strong>nu·</strong></span> <span class='ocrx_word' id='word_1_254' title='bbox 2086 3379 2087 3438; x_wconf 70' lang='lat' dir='ltr'><strong>t</strong></span> 
     </span>
    </p>
   </div>
   <div class='ocr_carea' id='block_1_9' title="bbox 332 3461 1969 4562">
    <p class='ocr_par' dir='ltr' id='par_1_9' title="bbox 332 3461 1969 4562">
     <span class='ocr_line' id='line_1_26' title="bbox 424 3461 1967 3551; baseline 0.001 -23"><span class='ocrx_word' id='word_1_255' title='bbox 424 3467 597 3551; x_wconf 87' lang='lat' dir='ltr'><strong>perstitum</strong></span> <span class='ocrx_word' id='word_1_256' title='bbox 619 3483 758 3528; x_wconf 84' lang='lat' dir='ltr'><strong>numero</strong></span> <span class='ocrx_word' id='word_1_257' title='bbox 779 3464 850 3546; x_wconf 76' lang='lat' dir='ltr'><strong>eiiis</strong></span> <span class='ocrx_word' id='word_1_258' title='bbox 875 3483 953 3527; x_wconf 88' lang='lat' dir='ltr'><strong>esse</strong></span> <span class='ocrx_word' id='word_1_259' title='bbox 980 3463 1065 3546; x_wconf 84' lang='lat' dir='ltr'><strong>typis</strong></span> <span class='ocrx_word' id='word_1_260' title='bbox 1091 3483 1168 3544; x_wconf 89' lang='lat' dir='ltr'><strong>pau·</strong></span> <span class='ocrx_word' id='word_1_261' title='bbox 1222 3481 1296 3522; x_wconf 86' lang='lat' dir='ltr'><strong>snus</strong></span> <span class='ocrx_word' id='word_1_262' title='bbox 1320 3461 1519 3543; x_wconf 83' lang='lat' dir='ltr'><strong>argenteus?</strong></span> <span class='ocrx_word' id='word_1_263' title='bbox 1555 3463 1734 3546; x_wconf 65' lang='lat' dir='ltr'><strong>Nessana</strong></span> <span class='ocrx_word' id='word_1_264' title='bbox 1760 3467 1795 3528; x_wconf 91' lang='lat' dir='ltr'><strong>in</strong></span> <span class='ocrx_word' id='word_1_265' title='bbox 1819 3467 1967 3551; x_wconf 81' lang='lat' dir='ltr'><strong>Illyrico,</strong></span> 
     </span>
     <span class='ocr_line' id='line_1_27' title="bbox 421 3561 1969 3654; baseline 0.003 -25"><span class='ocrx_word' id='word_1_266' title='bbox 421 3566 573 3630; x_wconf 90' lang='lat' dir='ltr'><strong>cissimos</strong></span> <span class='ocrx_word' id='word_1_267' title='bbox 602 3565 719 3640; x_wconf 81' lang='lat' dir='ltr'><strong>video,</strong></span> <span class='ocrx_word' id='word_1_268' title='bbox 752 3586 871 3650; x_wconf 86' lang='lat' dir='ltr'><strong>nempe</strong></span> <span class='ocrx_word' id='word_1_269' title='bbox 902 3569 983 3648; x_wconf 85' lang='lat' dir='ltr'><strong>quus</strong></span> <span class='ocrx_word' id='word_1_270' title='bbox 1010 3561 1167 3638; x_wconf 81' lang='lat' dir='ltr'><strong>Gordius,</strong></span> <span class='ocrx_word' id='word_1_271' title='bbox 1221 3581 1298 3624; x_wconf 82' lang='lat' dir='ltr'><strong>nam</strong></span> <span class='ocrx_word' id='word_1_272' title='bbox 1318 3581 1433 3623; x_wconf 90' lang='lat' dir='ltr'><strong>numos</strong></span> <span class='ocrx_word' id='word_1_273' title='bbox 1448 3562 1483 3622; x_wconf 89' lang='lat' dir='ltr'><strong>in</strong></span> <span class='ocrx_word' id='word_1_274' title='bbox 1500 3561 1564 3626; x_wconf 86' lang='lat' dir='ltr'><strong>hoc</strong></span> <span class='ocrx_word' id='word_1_275' title='bbox 1579 3577 1684 3628; x_wconf 90' lang='lat' dir='ltr'><strong>tractu</strong></span> <span class='ocrx_word' id='word_1_276' title='bbox 1700 3568 1849 3634; x_wconf 87' lang='lat' dir='ltr'><strong>Victoria</strong></span> <span class='ocrx_word' id='word_1_277' title='bbox 1864 3569 1969 3654; x_wconf 79' lang='lat' dir='ltr'><strong>signa·</strong></span> 
     </span>
     <span class='ocr_line' id='line_1_28' title="bbox 421 3661 1967 3750; baseline 0.001 -18"><span class='ocrx_word' id='word_1_278' title='bbox 421 3673 574 3746; x_wconf 85' lang='lat' dir='ltr'><strong>Mettius,</strong></span> <span class='ocrx_word' id='word_1_279' title='bbox 606 3667 744 3748; x_wconf 91' lang='lat' dir='ltr'><strong>Pupius,</strong></span> <span class='ocrx_word' id='word_1_280' title='bbox 772 3680 811 3729; x_wconf 85' lang='lat' dir='ltr'><strong>et</strong></span> <span class='ocrx_word' id='word_1_281' title='bbox 834 3665 964 3728; x_wconf 69' lang='lat' dir='ltr'><strong>Sestius</strong></span> <span class='ocrx_word' id='word_1_282' title='bbox 991 3662 1166 3728; x_wconf 88' lang='lat' dir='ltr'><strong>cuderunt.</strong></span> <span class='ocrx_word' id='word_1_283' title='bbox 1221 3674 1275 3724; x_wconf 87' lang='lat' dir='ltr'><strong>tos</strong></span> <span class='ocrx_word' id='word_1_284' title='bbox 1294 3661 1491 3744; x_wconf 81' lang='lat' dir='ltr'><strong>ignoramus.</strong></span> <span class='ocrx_word' id='word_1_285' title='bbox 1518 3664 1590 3727; x_wconf 76' lang='lat' dir='ltr'><strong>-Sed</strong></span> <span class='ocrx_word' id='word_1_286' title='bbox 1608 3687 1715 3750; x_wconf 91' lang='lat' dir='ltr'><strong>neque</strong></span> <span class='ocrx_word' id='word_1_287' title='bbox 1738 3681 1773 3730; x_wconf 91' lang='lat' dir='ltr'><strong>tu</strong></span> <span class='ocrx_word' id='word_1_288' title='bbox 1792 3669 1880 3733; x_wconf 91' lang='lat' dir='ltr'><strong>istud</strong></span> <span class='ocrx_word' id='word_1_289' title='bbox 1902 3671 1967 3750; x_wconf 91' lang='lat' dir='ltr'><strong>ais,</strong></span> 
     </span>
     <span class='ocr_line' id='line_1_29' title="bbox 422 3759 1967 3861; baseline 0 -27"><span class='ocrx_word' id='word_1_290' title='bbox 422 3766 513 3861; x_wconf 76' lang='lat' dir='ltr'><strong>Quin</strong></span> <span class='ocrx_word' id='word_1_291' title='bbox 535 3783 572 3834; x_wconf 89' lang='lat' dir='ltr'><strong>et</strong></span> <span class='ocrx_word' id='word_1_292' title='bbox 590 3770 732 3836; x_wconf 90' lang='lat' dir='ltr'><strong>eandem</strong></span> <span class='ocrx_word' id='word_1_293' title='bbox 754 3769 864 3852; x_wconf 76' lang='lat' dir='ltr'><strong>legem</strong></span> <span class='ocrx_word' id='word_1_294' title='bbox 887 3765 1034 3828; x_wconf 82' lang='lat' dir='ltr'><strong>obtinent</strong></span> <span class='ocrx_word' id='word_1_295' title='bbox 1051 3765 1168 3850; x_wconf 89' lang='lat' dir='ltr'><strong>quina·</strong></span> <span class='ocrx_word' id='word_1_296' title='bbox 1219 3759 1284 3824; x_wconf 84' lang='lat' dir='ltr'><strong>sed</strong></span> <span class='ocrx_word' id='word_1_297' title='bbox 1307 3781 1349 3824; x_wconf 83' lang='lat' dir='ltr'><strong>ex</strong></span> <span class='ocrx_word' id='word_1_298' title='bbox 1371 3764 1502 3845; x_wconf 82' lang='lat' dir='ltr'><strong>illyrico</strong></span> <span class='ocrx_word' id='word_1_299' title='bbox 1525 3766 1689 3834; x_wconf 83' lang='lat' dir='ltr'><strong>advectos.</strong></span> <span class='ocrx_word' id='word_1_300' title='bbox 1725 3769 1967 3856; x_wconf 87' lang='lat' dir='ltr'><strong>Prosequamur</strong></span> 
     </span>
     <span class='ocr_line' id='line_1_30' title="bbox 422 3861 1967 3956; baseline 0 -20"><span class='ocrx_word' id='word_1_301' title='bbox 422 3874 465 3936; x_wconf 90' lang='lat' dir='ltr'><strong>rii</strong></span> <span class='ocrx_word' id='word_1_302' title='bbox 482 3877 704 3956; x_wconf 80' lang='lat' dir='ltr'><strong>Augustorum</strong></span> <span class='ocrx_word' id='word_1_303' title='bbox 722 3889 808 3935; x_wconf 81' lang='lat' dir='ltr'><strong>aeto</strong></span> <span class='ocrx_word' id='word_1_304' title='bbox 827 3867 961 3952; x_wconf 79' lang='lat' dir='ltr'><strong>signati,</strong></span> <span class='ocrx_word' id='word_1_305' title='bbox 984 3887 1061 3930; x_wconf 84' lang='lat' dir='ltr'><strong>reru</strong></span> <span class='ocrx_word' id='word_1_306' title='bbox 1082 3866 1164 3943; x_wconf 89' lang='lat' dir='ltr'><strong>aiio,</strong></span> <span class='ocrx_word' id='word_1_307' title='bbox 1221 3863 1287 3926; x_wconf 87' lang='lat' dir='ltr'><strong>iter</strong></span> <span class='ocrx_word' id='word_1_308' title='bbox 1309 3861 1365 3926; x_wconf 90' lang='lat' dir='ltr'><strong>abs</strong></span> <span class='ocrx_word' id='word_1_309' title='bbox 1391 3877 1424 3926; x_wconf 90' lang='lat' dir='ltr'><strong>te</strong></span> <span class='ocrx_word' id='word_1_310' title='bbox 1450 3866 1636 3933; x_wconf 79' lang='lat' dir='ltr'><strong>indicatum.</strong></span> <span class='ocrx_word' id='word_1_311' title='bbox 1674 3871 1769 3936; x_wconf 69' lang='lat' dir='ltr'><strong>vlu.</strong></span> <span class='ocrx_word' id='word_1_312' title='bbox 1800 3873 1967 3955; x_wconf 81' lang='lat' dir='ltr'><strong>Illyricum</strong></span> 
     </span>
     <span class='ocr_line' id='line_1_31' title="bbox 332 3965 1966 4058; baseline 0.003 -23"><span class='ocrx_word' id='word_1_313' title='bbox 332 4037 334 4042; x_wconf 71' lang='grc'>,</span> <span class='ocrx_word' id='word_1_314' title='bbox 422 3993 518 4058; x_wconf 89' lang='lat' dir='ltr'><strong>quam</strong></span> <span class='ocrx_word' id='word_1_315' title='bbox 541 3976 726 4054; x_wconf 75' lang='lat' dir='ltr'><strong>Victoriae,</strong></span> <span class='ocrx_word' id='word_1_316' title='bbox 750 3987 847 4058; x_wconf 82' lang='lat' dir='ltr'><strong>typo,</strong></span> <span class='ocrx_word' id='word_1_317' title='bbox 870 3982 909 4032; x_wconf 91' lang='lat' dir='ltr'><strong>ut</strong></span> <span class='ocrx_word' id='word_1_318' title='bbox 930 3967 1015 4032; x_wconf 84' lang='lat' dir='ltr'><strong>udec</strong></span> <span class='ocrx_word' id='word_1_319' title='bbox 1036 3966 1064 4028; x_wconf 92' lang='lat' dir='ltr'><strong>is</strong></span> <span class='ocrx_word' id='word_1_320' title='bbox 1087 3965 1163 4028; x_wconf 91' lang='lat' dir='ltr'><strong>huic</strong></span> <span class='ocrx_word' id='word_1_321' title='bbox 1217 3984 1263 4028; x_wconf 85' lang='lat' dir='ltr'><strong>ex</strong></span> <span class='ocrx_word' id='word_1_322' title='bbox 1296 3965 1386 4029; x_wconf 87' lang='lat' dir='ltr'><strong>Italis</strong></span> <span class='ocrx_word' id='word_1_323' title='bbox 1413 3965 1562 4030; x_wconf 86' lang='lat' dir='ltr'><strong>tendenti</strong></span> <span class='ocrx_word' id='word_1_324' title='bbox 1593 3983 1643 4032; x_wconf 89' lang='lat' dir='ltr'><strong>est</strong></span> <span class='ocrx_word' id='word_1_325' title='bbox 1667 3973 1870 4040; x_wconf 78' lang='lat' dir='ltr'><strong>Macedonia.</strong></span> <span class='ocrx_word' id='word_1_326' title='bbox 1918 3978 1966 4040; x_wconf 83' lang='lat' dir='ltr'><strong>Eu</strong></span> 
     </span>
     <span class='ocr_line' id='line_1_32' title="bbox 421 4066 1966 4162; baseline -0.005 -24"><span class='ocrx_word' id='word_1_327' title='bbox 421 4089 573 4138; x_wconf 86' lang='lat' dir='ltr'><strong>monetae</strong></span> <span class='ocrx_word' id='word_1_328' title='bbox 587 4090 765 4162; x_wconf 82' lang='lat' dir='ltr'><strong>argenteae</strong></span> <span class='ocrx_word' id='word_1_329' title='bbox 781 4071 881 4138; x_wconf 87' lang='lat' dir='ltr'><strong>classi</strong></span> <span class='ocrx_word' id='word_1_330' title='bbox 900 4069 990 4135; x_wconf 80' lang='lat' dir='ltr'><strong>reiut</strong></span> <span class='ocrx_word' id='word_1_331' title='bbox 1009 4069 1163 4152; x_wconf 88' lang='lat' dir='ltr'><strong>proprius</strong></span> <span class='ocrx_word' id='word_1_332' title='bbox 1217 4066 1315 4148; x_wconf 80' lang='lat' dir='ltr'><strong>regio</strong></span> <span class='ocrx_word' id='word_1_333' title='bbox 1343 4067 1484 4132; x_wconf 87' lang='lat' dir='ltr'><strong>abundat</strong></span> <span class='ocrx_word' id='word_1_334' title='bbox 1512 4070 1699 4136; x_wconf 85' lang='lat' dir='ltr'><strong>Victoriatis</strong></span> <span class='ocrx_word' id='word_1_335' title='bbox 1725 4073 1905 4140; x_wconf 66' lang='lat' dir='ltr'><strong>Alexandri</strong></span> <span class='ocrx_word' id='word_1_336' title='bbox 1933 4091 1966 4142; x_wconf 55' lang='grc' dir='ltr'><strong>ιι</strong></span> 
     </span>
     <span class='ocr_line' id='line_1_33' title="bbox 420 4167 1963 4257; baseline 0.006 -21"><span class='ocrx_word' id='word_1_337' title='bbox 420 4173 493 4257; x_wconf 84' lang='lat' dir='ltr'><strong>jure</strong></span> <span class='ocrx_word' id='word_1_338' title='bbox 511 4175 553 4236; x_wconf 91' lang='lat' dir='ltr'><strong>sit</strong></span> <span class='ocrx_word' id='word_1_339' title='bbox 567 4177 810 4242; x_wconf 78' lang='lat' dir='ltr'><strong>existimandus.</strong></span> <span class='ocrx_word' id='word_1_340' title='bbox 836 4171 928 4237; x_wconf 86' lang='lat' dir='ltr'><strong>Istud</strong></span> <span class='ocrx_word' id='word_1_341' title='bbox 951 4189 1162 4234; x_wconf 77' lang='lat' dir='ltr'><strong>cumrerum</strong></span> <span class='ocrx_word' id='word_1_342' title='bbox 1219 4167 1380 4252; x_wconf 89' lang='lat' dir='ltr'><strong>Philippi,</strong></span> <span class='ocrx_word' id='word_1_343' title='bbox 1407 4183 1439 4232; x_wconf 91' lang='lat' dir='ltr'><strong>at</strong></span> <span class='ocrx_word' id='word_1_344' title='bbox 1462 4190 1528 4232; x_wconf 92' lang='lat' dir='ltr'><strong>nun</strong></span> <span class='ocrx_word' id='word_1_345' title='bbox 1550 4174 1735 4256; x_wconf 79' lang='lat' dir='ltr'><strong>argenteis,</strong></span> <span class='ocrx_word' id='word_1_346' title='bbox 1760 4177 1822 4241; x_wconf 90' lang='lat' dir='ltr'><strong>sed</strong></span> <span class='ocrx_word' id='word_1_347' title='bbox 1845 4181 1963 4246; x_wconf 90' lang='lat' dir='ltr'><strong>aureis.</strong></span> 
     </span>
     <span class='ocr_line' id='line_1_34' title="bbox 420 4271 1963 4361; baseline 0.003 -21"><span class='ocrx_word' id='word_1_348' title='bbox 420 4275 478 4352; x_wconf 91' lang='lat' dir='ltr'><strong>sit,</strong></span> <span class='ocrx_word' id='word_1_349' title='bbox 516 4295 610 4360; x_wconf 86' lang='lat' dir='ltr'><strong>qaam</strong></span> <span class='ocrx_word' id='word_1_350' title='bbox 640 4278 728 4361; x_wconf 91' lang='lat' dir='ltr'><strong>quod</strong></span> <span class='ocrx_word' id='word_1_351' title='bbox 754 4291 808 4340; x_wconf 84' lang='lat' dir='ltr'><strong>est</strong></span> <span class='ocrx_word' id='word_1_352' title='bbox 836 4274 1061 4346; x_wconf 77' lang='lat' dir='ltr'><strong>verissimum,</strong></span> <span class='ocrx_word' id='word_1_353' title='bbox 1096 4289 1163 4332; x_wconf 93' lang='lat' dir='ltr'><strong>non</strong></span> <span class='ocrx_word' id='word_1_354' title='bbox 1220 4271 1963 4354; x_wconf 84' lang='lat' dir='ltr'><strong>Nonhicpotesopponere,memoratoscum</strong></span> 
     </span>
     <span class='ocr_line' id='line_1_35' title="bbox 421 4367 1964 4468; baseline -0.003 -30"><span class='ocrx_word' id='word_1_355' title='bbox 421 4397 554 4462; x_wconf 86' lang='lat' dir='ltr'><strong>possum</strong></span> <span class='ocrx_word' id='word_1_356' title='bbox 583 4377 653 4440; x_wconf 88' lang='lat' dir='ltr'><strong>sine</strong></span> <span class='ocrx_word' id='word_1_357' title='bbox 681 4377 846 4468; x_wconf 80' lang='lat' dir='ltr'><strong>stomacho</strong></span> <span class='ocrx_word' id='word_1_358' title='bbox 879 4377 993 4462; x_wconf 76' lang='lat' dir='ltr'><strong>legere</strong></span> <span class='ocrx_word' id='word_1_359' title='bbox 1022 4367 1181 4440; x_wconf 81' lang='lat' dir='ltr'><strong>Vaiilan·&#39;</strong></span> <span class='ocrx_word' id='word_1_360' title='bbox 1219 4371 1376 4454; x_wconf 84' lang='lat' dir='ltr'><strong>hoetypo</strong></span> <span class='ocrx_word' id='word_1_361' title='bbox 1392 4377 1964 4461; x_wconf 74' lang='lat' dir='ltr'><strong>as·genteostemporisinjuriainta.</strong></span> 
     </span>
     <span class='ocr_line' id='line_1_36' title="bbox 423 4473 1962 4562; baseline 0.001 -20"><span class='ocrx_word' id='word_1_362' title='bbox 423 4479 476 4554; x_wconf 90' lang='lat' dir='ltr'><strong>tii,</strong></span> <span class='ocrx_word' id='word_1_363' title='bbox 493 4479 729 4562; x_wconf 79' lang='lat' dir='ltr'><strong>Havercampi,</strong></span> <span class='ocrx_word' id='word_1_364' title='bbox 746 4477 949 4562; x_wconf 87' lang='lat' dir='ltr'><strong>aliorumque</strong></span> <span class='ocrx_word' id='word_1_365' title='bbox 965 4473 1162 4540; x_wconf 82' lang='lat' dir='ltr'><strong>inconsultas</strong></span> <span class='ocrx_word' id='word_1_366' title='bbox 1218 4473 1331 4551; x_wconf 85' lang='lat' dir='ltr'><strong>riisse;</strong></span> <span class='ocrx_word' id='word_1_367' title='bbox 1355 4491 1429 4534; x_wconf 88' lang='lat' dir='ltr'><strong>nam</strong></span> <span class='ocrx_word' id='word_1_368' title='bbox 1446 4491 1521 4536; x_wconf 89' lang='lat' dir='ltr'><strong>cum</strong></span> <span class='ocrx_word' id='word_1_369' title='bbox 1538 4475 1722 4557; x_wconf 86' lang='lat' dir='ltr'><strong>pmedieas,</strong></span> <span class='ocrx_word' id='word_1_370' title='bbox 1746 4481 1962 4550; x_wconf 70' lang='lat' dir='ltr'><strong>victoriatum</strong></span> 
     </span>
    </p>
   </div>
   <div class='ocr_carea' id='block_1_10' title="bbox 456 4735 766 4860">
    <p class='ocr_par' dir='ltr' id='par_1_10' title="bbox 456 4735 766 4860">
     <span class='ocr_line' id='line_1_37' title="bbox 456 4735 766 4860; baseline 0.026 -26"><span class='ocrx_word' id='word_1_371' title='bbox 456 4755 485 4860; x_wconf 70' lang='lat' dir='ltr'><strong>ti)</strong></span> <span class='ocrx_word' id='word_1_372' title='bbox 506 4735 675 4846; x_wconf 53' lang='lat' dir='ltr'><strong>flxxxttt.</strong></span> <span class='ocrx_word' id='word_1_373' title='bbox 691 4788 712 4858; x_wconf 73' lang='grc' dir='ltr'><strong>ς.</strong></span> <span class='ocrx_word' id='word_1_374' title='bbox 727 4797 766 4848; x_wconf 77' lang='lat' dir='ltr'><strong>u.</strong></span> 
     </span>
    </p>
   </div>
   <div class='ocr_carea' id='block_1_11' title="bbox 0 0 2110 5516">
    <p class='ocr_par' dir='ltr' id='par_1_11' title="bbox 0 0 2110 5516">
     <span class='ocr_line' id='line_1_38' title="bbox 0 0 2110 5516; baseline 0 0"><span class='ocrx_word' id='word_1_375' title='bbox 0 0 2110 5516; x_wconf 95' lang='lat' dir='ltr'><strong> </strong></span> 
     </span>
    </p>
   </div>
  </div>
 </body>
</html>
