4184 5500
779 391 797 428 Ι
1300 429 1309 442 .

392 537 465 615 122,
613 481 615 488 ’
678 609 685 618 ,
1042 511 1299 601 nnumin.

393 706 512 764 misere
528 707 680 776 orontes,
707 710 745 762 ut
769 697 909 762 tutelam
927 697 1053 781 pupilli
1072 717 1143 760 sue·
1189 691 1335 758 Servilii
1360 689 1494 756 Gemini
1523 689 1644 757 dieitur
1670 685 1819 774 pontifex
1851 689 1954 756 maxi·

359 795 365 808 '
390 806 549 886 ciperem,
568 812 808 882 mereaturque
826 820 969 883 regnum
977 800 1141 884 Aegypti.
1199 816 1272 860 mue
1291 796 1330 864 V.
1353 795 1389 858 C.
1408 795 1472 876 574
1492 795 1541 876 e)‚
1567 793 1682 860 conoul
1697 795 1737 856 11.
1762 795 1804 866 V.
1820 794 1859 862 C.
1874 793 1952 878 578.

391 921 432 954 ὁ·
445 937 459 952 -
480 905 638 966 Mittitur
662 915 697 964 et
716 903 768 965 M.
785 902 933 984 Lepidus
950 903 988 963 in
1007 903 1143 985 Aegyp·
1199 900 1291 965 Vnus
1329 897 1402 960 viro
1440 895 1571 960 erudito
1608 895 1778 981 serupulus
1816 895 1954 974 haeret,

394 1019 481 1083 tum,
500 1009 559 1086 pul
573 1005 700 1067 tectorio
712 992 848 1064 'nomine
865 1021 1001 1084 reguum
1017 1003 1143 1084 pupilli
1200 999 1288 1085 quod
1316 999 1390 1066 Vel.
1412 998 1669 1089 Maximokunua
1701 997 1856 1062 duntaxat
1888 1012 1951 1064 tex

392 1104 730 1169 remitteret-idem
749 1103 869 1167 loetum
887 1103 1031 1187 exempli
1047 1123 1144 1166 cenea
1198 1121 1283 1184 puer
1313 1113 1530 1178 memoratur,
1566 1096 1631 1186 ipro
1661 1101 1859 1185 permissum
1888 1099 1954 1164 eibi

393 1221 552 1272 memoret
571 1205 703 1270 Tacitus
725 1207 772 1289 ¹)e
801 1205 968 1288 exemplo,
991 1225 1055 1284 quo
1075 1225 1144 1268 mo·
1199 1217 1290 1287 putat
1306 1203 1515 1266 librariorum
1537 1205 1666 1286 eulpam
1682 1201 1831 1267 medente
1847 1199 1954 1286 anapi-

387 1313 477 1389 lores
497 1311 547 1372 M.
567 1311 729 1391 Lepidum
755 1309 938 1368 Ptolemaei
956 1307 1073 1368 liberie
1093 1317 1144 1367 tu·
1199 1305 1285 1382 curi,
1314 1305 1534 1388 scriptumque
1560 1305 1648 1368 forte
1663 1305 1758 1392 filiis
1780 1325 1842 1388 pro
1857 1304 1953 1389 filio.

391 1419 499 1473 torem
520 1413 556 1471 in
575 1409 768 1490 Aegyptum
786 1411 964 1468 eniserunt.
992 1407 1081 1468 Rem
1105 1407 1144 1467 il·
1198 1407 1251 1467 Eu
1265 1405 1328 1472 viri
1344 1408 1538 1490 praestantis
1557 1407 1761 1485 eenteutiam,
1778 1405 1838 1469 eed
1853 1427 1952 1490 quem
2067 1447 2070 1458 ·

390 1513 547 1586 laertem,
562 1521 664 1592 atque
682 1507 1142 1592 tottemqueelnriateatibne
1200 1507 1390 1592 gravissima
1429 1510 1494 1572 elia
1540 1523 1730 1592 argumenta
1775 1509 1950 1571 manifeste

391 1611 617 1676 confirmatam
631 1610 752 1672 anirum
771 1609 922 1694 profecto
945 1623 1009 1672 tam
1032 1609 1142 1692 apieeie
1200 1617 1362 1675 evertunt.
1394 1610 1521 1674 Omitto
1544 1611 1688 1689 leviora,
1716 1631 1799 1696 quae
1826 1609 1951 1694 opponi

390 1723 520 1798 'eaptem
535 1713 702 1789 teuehrie,
726 1725 766 1776 ut
783 1713 855 1797 quis
874 1711 974 1774 luerit
995 1713 1048 1774 hie
1068 1713 1145 1774 Pto·
1200 1727 1354 1796 possunt,
1375 1735 1458 1792 nou,
1479 1711 1569 1798 quod
1590 1727 1704 1778 eeneet
1723 1711 1880 1796 Pighius,
1902 1731 1953 1774 ee·

389 1818 560 1892 temnens,
574 1815 635 1904 aui
653 1813 799 1898 Lepidus
819 1813 912 1876 detue
934 1827 1040 1891 tutor,
1063 1833 1145 1877 nou·
1200 1827 1311 1876 netum
1339 1829 1453 1899 euepte
1480 1818 1614 1880 tutelam
1638 1813 1819 1900 puerorum
1840 1834 1953 1878 eneae·

387 1919 469 1981 'tium
487 1915 663 2002 perepieue
676 1916 723 1978 eit
736 1916 1063 2000 explieatum‚cujue
1079 1937 1145 1978 am·
1200 1915 1307 1998 piene,
1337 1917 1413 1995 eed,
1444 1932 1479 1981 ut
1506 1917 1652 2003 prodidit
1679 1917 1752 1985 Vel.
1775 1915 1955 1992 Maximae,

389 2019 485 2106 higui
509 2039 603 2084 canen
625 2019 701 2100 vjure
721 2032 894 2081 enatorum
916 2032 1065 2082 veterum
1087 2037 1144 2080 ne·
1199 2037 1244 2080 ex
1270 2030 1466 2082 testamento
1495 2022 1614 2103 petris,
1647 2032 1683 2082 nt
1709 2019 1866 2096 lustinus,
1897 2037 1955 2100 pe·

389 2122 573 2208 'gligentia'e
591 2119 763 2196 tribuitur,
786 2119 869 2182 male
889 2118 1087 2202 posteritati,
1109 2117 1144 2178 in
1197 2120 1351 2206 tentibus¹
1379 2121 1621 2204 Alexandrinis,
1671 2121 1725 2183 nt
1764 2122 1847 2184 haee
1885 2139 1954 2182 me·

390 2225 486 2308 eujus
517 2220 725 2286 commodum
748 2221 934 2303 euripum,
972 2222 1144 2282 coneuleu·
1201 2235 1370 2284 morantur
1398 2216 1417 2286 i
1446 2223 1614 2286 veteribue
1647 2235 1773 2285 tutores
1809 2221 1954 2285 filiorum

388 2319 802 2403 tium,eumtotuumero
815 2323 1038 2399 Ptolemaeos,
1056 2319 1144 2406 qaod
1201 2323 1381 2408 Epiphanio
1419 2325 1593 2409 Cleopatra
1635 2339 1756 2401 mater,
1799 2322 1954 2400 Euleiue,

392 2431 589 2513 plerumque
604 2424 742 2497 iactum,
763 2445 805 2488 ne
823 2423 992 2486 minimum
1010 2423 1142 2507 quidem
1200 2427 1352 2490 Lenaeus
1375 2427 1426 2510 d),
1455 2441 1552 2511 atque
1579 2428 1667 2490 inter
1696 2427 1779 2488 haee
1805 2425 1890 2485 nihil
1912 2423 1954 2486 de

396 2529 645 2612 distinguerent.
677 2525 848 2602 Venerine,
875 2547 1016 2610 eumque
1039 2525 1145 2588 eeeuti
1200 2529 1355 2612 praestita
1388 2553 1407 2592 e
1435 2529 1591 2591 Romanis
1623 2529 1737 2594 tutele.
1788 2525 1891 2621 Quod
1927 2525 1955 2588 ei

392 2633 450 2694 elii
492 2629 643 2713 plerique
687 2637 812 2708 petrem
853 2627 970 2708 pupilli
1008 2638 1146 2690 censent
1201 2648 1352 2692 errorem
1379 2630 1562 2714 auspicatur
1590 2629 1625 2690 in
1645 2629 1719 2698 Vel.
1741 2627 1887 2693 Maximo
1919 2625 1955 2690 fi·

392 2724 496 2795 iaieee
512 2729 742 2792 Ptolemaeum
761 2727 820 2794 tv.
836 2727 1066 2810 Philopatore,
1088 2747 1146 2808 pu·
1181 2729 1283 2816 ,lium
1306 2752 1405 2793 unum
1427 2732 1595 2816 pro.hiuie
1617 2731 1793 2816 prodente,
1815 2749 1954 2794 ueceeae

393 2833 526 2918 pillum,
547 2848 651 2918 quem
670 2827 1015 2906 &namathieeietin
1031 2830 1147 2892 Ptole·
1200 2831 1271 2894 erit
1299 2833 1433 2916 culpare
1461 2854 1592 2919 qnoque
1615 2835 1790 2911 Iustinum,
1822 2831 1954 2896 unicum

395 2957 523 3001 meeum
543 2935 584 3003 P.
601 2932 817 3018 Epiphoram.
849 2931 893 2994 At
913 2931 1049 3014 Pighius
1073 2930 1148 2993 mie·
1200 2932 1302 2996 etiam
1337 2935 1498 3018 pupillum
1530 2935 1740 3020 prodentem.
1782 2935 1829 2996 At
1856 2935 1956 2997 maxi-

307 3105 312 3116 ,
394 3059 465 3104 eum
484 3035 809 3118 neenetuLepidam
829 3033 978 3120 conjicit,
999 3033 1146 3117 quiPto·
1199 3053 1257 3094 nne
1284 3035 1409 3099 fallitur
1429 3037 1584 3119 Pighius,
1617 3035 1707 3122 quod
1731 3055 1851 3103 revere
1880 3057 1956 3100 een·

394 3140 516 3204 lemoei
534 3141 580 3207 V.
606 3137 785 3220 Epiphanio
808 3137 893 3202 filiae
918 3137 1143 3215 Ptolemaeum
1203 3149 1332 3212 oneret,
1359 3153 1496 3222 propter
1520 3139 1721 3203 mentionem
1746 3137 1954 3221 pontificatue

392 3243 452 3310 Vl.
477 3241 721 3314 Philometore,
751 3251 793 3300 et
816 3237 1044 3301 Ptolemaeum
1070 3241 1145 3308 vll.
1202 3238 1351 3314 maximi,
1382 3259 1479 3322 quem
1507 3241 1619 3305 multis
1648 3242 1755 3305 eeriua
1776 3241 1869 3304 aunis
1890 3242 1957 3305 Le·

398 3343 571 3425 Physcone
587 3351 770 3414 tutaretur,
787 3358 931 3420 quonum
954 3361 1015 3422 per
1037 3341 1148 3404 imma·
1203 3339 1300 3423 pidue
1313 3339 1432 3418 odivit,
1453 3340 1570 3406 dietam
1587 3363 1720 3440 qupque
1738 3343 1876 3408 tutelam
1895 3343 1956 3406 ‹tit-

390 3437 502 3507 ³turem
531 3452 675 3504 eetetem
699 3439 936 3522 Aegyptiorum
957 3461 1013 3503 res
1039 3441 1148 3524 perdi·
1203 3439 1388 3508 terendam.
1418 3443 1552 3506 Etenim
1574 3445 1745 3508 luculento
1771 3443 1837 3508 alio
1863 3446 1953 3510 teeti·

397 3559 485 3620 tum,
506 3555 540 3608 et
551 3541 731 3624 Syrorum,
744 3539 838 3624 ‘prod
856 3539 1010 3604 nolebant
1029 3545 1146 3608 Rome·
1194 3541 1315 3605 ‘monio
1332 3543 1429 3608 fneile
1445 3547 1670 3628 probaverim,
1688 3568 1757 3612 nou
1772 3545 1875 3612 iuieee
1892 3549 1957 3614 Le·

396 3647 450 3725 ui,
475 3659 608 3711 ¹anetum
628 3641 718 3704 ibant
740 3639 785 3727 b).
809 3643 947 3706 Causam
969 3647 1090 3728 repetit
1105 3647 1146 3710 eb
1204 3643 1336 3730 pidum,
1362 3668 1471 3732 neque
1498 3669 1570 3712 enee
1597 3650 1743 3734 potuisse
1766 3649 1832 3714 hoo
1856 3651 1957 3735 megi·

390 3745 461 3814 hoe
487 3749 562 3833 ipso
585 3745 744 3824 denario,
771 3755 811 3808 et
832 3743 906 3812 Vel.
930 3745 1095 3822 Maximo,
1128 3769 1147 3811 e
1205 3760 1307 3810 stratu
1332 3748 1494 3834 insignem
1520 3751 1699 3834 jamtum,
1733 3743 1809 3816 aum
1839 3753 1956 3840 pupilli

387 3851 516 3938 ‘quihus
534 3847 681 3934 Lepidae
693 3859 911 3930 noeter‚quo
928 3861 1078 3931 tempore
1094 3869 1150 3914 re·
1206 3867 1301 3912 cauea
1330 3849 1365 3912 in
1390 3853 1574 3936 Aegyptum
1601 3853 1770 3938 proiectae
1801 3869 1863 3924 eet.
1905 3859 1954 3920 En

385 3954 452 4036 ‘gie
470 3953 569 4046 pueri
588 3951 723 4014 tutelam
742 3949 901 4032 eueeepit‚
929 3949 1048 4014 dieitur
1068 3971 1148 4034 pou·
1205 3951 1307 4016 uerba
1329 3951 1416 4018 Livii
1438 3967 1536 4037 eapte
1562 3975 1608 4018 ex
1636 3955 1709 4040 ejus
1735 3957 1881 4042 epitome
1906 3963 1954 4040 ι’)ι

384 4051 481 4118 'tifex
506 4053 688 4132 maximus,
714 4065 754 4117 et
778 4049 897 4116 conoul
924 4052 1061 4129 iterum,
1092 4053 1148 4138 qni
1208 4055 1244 4115 P.
1257 4051 1413 4116 Licinius
1433 4057 1587 4135 Croesus,
1608 4080 1683 4122 eum
1700 4061 1787 4124 idem
1797 4062 1957 4144 pontifex

398 4171 509 4221 tamen
529 4157 664 4221 uonniei
681 4152 911 4240 compluribus
937 4168 1013 4239 poet
1034 4154 1147 4218 Philo·
1200 4155 1374 4219 -muuimui
1400 4171 1502 4236 esset,
1539 4161 1630 4238 quod
1658 4182 1826 4244 nunquam
1855 4179 1957 4225 antea

399 4261 522 4345 paterio
537 4271 683 4326 mortem
695 4258 793 4323 annia
807 4270 982 4345 utramque
1001 4257 1084 4321 haue
1101 4255 1148 4320 dt·
1192 4255 1330 4339 suetum
1340 4255 1478 4338 suerat,
1500 4273 1599 4324 extro
1616 4261 1755 4324 Italiam
1771 4264 1955 4346 prefectus,

381 4359 557 4446 'gnitatem
579 4374 630 4425 eat
651 4361 798 4447 adeptue.
824 4361 981 4425 'hlortuue
1004 4373 1054 4424 eat
1070 4359 1149 4422 Phi·
1200 4361 1331 4445 praelio
1357 4365 1466 4424 vietus
1494 4373 1527 4424 et
1552 4365 1770 4446 interemptus
1796 4375 1858 4428 est.
1895 4364 1958 4430 Pa·

388 4463 530 4548 lnpator
548 4461 590 4530 V.
606 4463 643 4530 C.
660 4459 740 4540 550,
763 4462 909 4547 lepidae
923 4463 960 4526 in
980 4461 1145 4528 loeum'C.
1199 4477 1293 4528 -atnm
1313 4461 1399 4527 iatud
1417 4463 1457 4530 V.
1477 4461 1515 4528 C.
1530 4461 1613 4541 hai,
1633 4463 1669 4526 iu
1687 4463 1781 4529 hello
1800 4489 1819 4531 a
1835 4467 1956 4532 Roma·

433 4685 706 4760 a)Ann.11.c.67.
780 4685 1172 4766 b)hnnal.'T.ll.p.toe.‘
1235 4688 1266 4758 e)
1286 4685 1386 4743 Livius
1403 4682 1503 4743 uxi.
1521 4695 1613 4772 mit.-
1677 4687 1711 4761 d)
1732 4689 1955 4753 Prttlich.Auu.

398 4777 462 4856 Spr.
478 4775 518 4834 ad
534 4793 600 4834 anu.
615 4775 695 4836 ss.
714 4785 773 4840 tte·
792 4793 853 4853 σος.
927 4779 958 4850 e)
978 4775 1010 4835 1..
1020 4775 1093 4838 LIX.
