4180 5484
703 567 1014 644 connects.

226 740 335 810 MAN.
358 735 562 803 CORDIVS.
597 737 703 821 Caput
728 743 763 803 V
759 761 833 802 enc-

232 863 289 906 rss.

87 945 202 1014 ttvst.
240 943 367 1025 Cupido
390 939 521 1003 sulcans
548 941 580 1002 d.
599 915 776 1015 corollain,
803 964 829 1003 s.

85 1047 217 1132 pulense
238 1064 378 1106 rantum.
409 1039 547 1104 Sestert.
581 1041 702 1122 (Liebe
730 1039 828 1106 Gotlr.

87 1171 118 1230 p.
132 1147 225 1226 scil.)
244 1145 375 1206 RRllll.
651 1185 657 1196 .

226 1246 332 1310 MAN.
355 1241 445 1307 COR
464 1275 478 1292 ·
497 1275 511 1292 ·
537 1239 657 1307 Gulae.

86 1347 243 1415 RVFVS.
287 1345 377 1409 Idem
400 1344 573 1424 Cupidinis
598 1342 757 1403 saltantis
783 1353 834 1424 ty·

85 1471 158 1530 pus.
182 1445 321 1511 Sestert.
338 1449 436 1528 (lius.
449 1445 541 1506 Com.
551 1442 686 1524 Vitzai.)
702 1443 832 1506 Rtttttt.

1568 587 1653 667 sta-

888 757 984 823 quem
1022 749 1152 802 veteres
1192 735 1454 820 conjecturarum
1496 721 1633 822 glandei

888 825 1068 915 delectarit,
1105 835 1204 900 luisse
1236 839 1321 901 hunc
1354 838 1509 902 Cordium
1541 841 1632 900 lllri·

887 965 959 1004 rum
981 956 1131 1022 ternpore
1152 943 1177 1005 l.
1195 940 1358 1017 Caesaris,
1380 941 1519 1024 perinde
1542 941 1634 1024 quasi

886 1041 963 1104 huic
984 1041 1040 1102 uui
1062 1041 1113 1123 jus
1133 1034 1271 1104 in'heuc
1299 1041 1419 1102 amoris
1447 1043 1630 1126 praesidem

889 1143 1014 1206 suisset.
1045 1141 1219 1234 Quinctius
1238 1141 1342 1204 musei
1360 1143 1453 1206 Caes.
1471 1141 1557 1204 istud
1578 1164 1633 1226 pe·

890 1244 1013 1308 culiase
1031 1243 1146 1320 habet,
1173 1242 1261 1328 quod
1279 1262 1340 1326 pro
1357 1258 1450 1308 sueto
1472 1245 1635 1328 quinario·

891 1367 962 1406 rum
987 1359 1063 1428 typo
1090 1343 1228 1428 aquilam
1255 1341 1362 1406 effert.
1395 1348 1431 1406 ln
1456 1344 1519 1406 hoc
1541 1359 1636 1428 caput

891 1446 1014 1509 anticee
1037 1443 1105 1506 dixi
1126 1461 1199 1508 esee
1224 1443 1328 1522 Solia,
1354 1445 1418 1510 nisi
1446 1445 1518 1529 quis
1546 1445 1636 1508 malit

152 1547 254 1610 Numi
288 1545 323 1608 hi
353 1559 389 1608 ut
418 1545 574 1612 vadetate
606 1556 756 1626 typorum
786 1543 834 1627 ju·
890 1545 972 1608 illud
1017 1559 1153 1629 propter
1195 1544 1333 1628 aquilam
1375 1567 1510 1612 aversae
1550 1547 1636 1608 loris

91 1647 207 1726 cundi,
228 1647 271 1709 ita
292 1645 607 1710 animadversionum
628 1646 754 1728 inopes.
797 1648 833 1706 lu
891 1647 1009 1710 Axuris
1028 1659 1160 1728 putare,
1181 1665 1280 1730 quem
1302 1646 1402 1711 inisse
1426 1668 1557 1733 quoque
1577 1649 1636 1710 im·

90 1748 227 1812 denario
253 1749 277 1812 l.
302 1747 468 1831 linguntur
486 1749 657 1824 Dioscuri,
685 1749 741 1830 qui
763 1748 835 1810 aliis
891 1749 1029 1811 berbem
1058 1759 1093 1808 et
1118 1744 1296 1824 radiatum,
1326 1747 1458 1812 docebit
1483 1747 1635 1810 denarius

91 1849 145 1912 dei
170 1847 504 1927 renascerentur,
535 1849 633 1932 nullo
666 1861 759 1912 certo
788 1847 835 1908 in·
893 1850 998 1934 gentis
1019 1847 1148 1916 Vibiae.
1185 1849 1391 1910 Postremum
1412 1870 1545 1910 numum
1569 1849 1636 1910 dixi

90 1965 142 2013 ter
172 1963 388 2034 utrorumque
420 1951 523 2036 capita
553 1951 758 2025 discrimine,
798 1961 833 2010 ut
890 1951 1076 2013 sestertium
1094 1947 1159 2010 lide
1178 1949 1521 2032 praestantiaLiebei,
1539 1971 1634 2033 quatu

90 2053 218 2118 dicetur
240 2051 273 2112 iu
296 2065 395 2134 geute
414 2053 568 2137 Sulpicia.
598 2054 634 2112 ln
653 2053 722 2134 ejus
741 2071 833 2114 arer-
890 2050 1060 2116 confirmat
1075 2071 1191 2113 numus
1209 2062 1409 2134 postremus,
1432 2050 1485 2112 lric
1504 2071 1634 2134 quoque

90 2151 292 2218 succeditur
316 2171 470 2238 expressa
492 2154 664 2238 Aequitas,
691 2151 749 2214 sed
774 2173 833 2216 cur
891 2153 1076 2228 sestertius,
1099 2171 1196 2236 quem
1219 2150 1285 2214 vidi
1306 2151 1394 2234 ipse,
1418 2164 1451 2213 ct
1473 2151 1528 2234 qui
1551 2151 1634 2233 typis

87 2257 163 2318 huic
195 2253 332 2318 insideat
361 2269 497 2332 noctua,
528 2274 656 2317 causam
685 2273 750 2316 nou
781 2253 835 2317 ha·
892 2256 958 2318 suis
974 2255 1102 2338 junctos
1116 2251 1266 2330 Palladis,
1285 2265 1319 2315 et
1333 2251 1473 2322 Veneria
1493 2251 1635 2316 honores

90 2359 163 2422 heo.
212 2357 293 2420 Cum
330 2354 482 2418 denarius
516 2356 600 2418 alter
632 2357 667 2416 iu
697 2356 837 2422 Veneris
895 2369 1042 2421 testatur.

91 2462 176 2542 typis
209 2471 404 2541 occupetur,
428 2441 548 2522 'censet
576 2457 838 2542 Harercampus,

645 2791 1093 2871 CORNELIA.

151 2989 247 3050 Gens
264 3005 338 3052 cum
357 2987 505 3072 patricia,
532 3007 614 3070 quae
637 2986 835 3050 clarissimos
895 2985 1021 3050 turiano
1046 2983 1168 3069 gessit,
1201 2981 1400 3066 aPonrpejo
1426 2983 1556 3050 civitate
1582 2985 1638 3048 do·

87 3091 174 3174 reip.
204 3089 294 3154 viros
315 3089 423 3168 dedit,
447 3101 514 3152 tum
538 3088 678 3174 plebeia.
710 3091 838 3172 Cogno·
894 3099 1075 3161 natusest,
1099 3083 1342 3166 peregrinitatis
1365 3085 1484 3148 deiude
1510 3107 1635 3150 accuse·

89 3191 179 3255 mine
210 3211 410 3276 mugnopere
440 3191 545 3267 varia,
579 3210 621 3254 ex
654 3189 770 3272 quibus
804 3189 837 3250 in
896 3205 963 3252 tum
988 3185 1134 3250 delendis
1160 3185 1295 3261 Cicero,
1328 3185 1419 3266 cujus
1446 3187 1551 3252 adhuc
1584 3209 1638 3250 ex-

86 3307 223 3357 mcneta
238 3293 278 3355 1t.
295 3291 455 3355 habentur
470 3293 613 3368 Bulbus,
630 3291 763 3366 Blasio,
783 3293 838 3353 Cr·
896 3305 958 3354 stat
985 3288 1099 3352 cretio.
1140 3285 1255 3347 Dictus
1276 3305 1357 3349 vero
1380 3299 1430 3350 est
1451 3289 1491 3354 L.
1514 3291 1636 3354 Corne·

87 3395 228 3476 tiegus,
252 3397 373 3470 Cinna,
393 3395 512 3455 Cossus
527 3391 715 3474 (olim,scd
732 3393 763 3452 in
781 3412 838 3453 nu·
894 3393 977 3470 lius,
1017 3403 1052 3454 ut
1087 3387 1249 3451 existimat
1280 3389 1442 3452 Manutius
1465 3401 1512 3469 ⁸),
1549 3413 1566 3452 a
1597 3393 1635 3453 L.

87 3495 152 3556 ruis
170 3494 306 3557 Lentuli
321 3493 553 3576 praenomen),
579 3494 736 3568 Faustus,
754 3493 838 3556 Lea·

86 3597 202 3668 tulus,
224 3593 352 3674 Scipio,
372 3595 523 3670 Sisenna,
545 3593 709 3676 Spinther,
731 3593 835 3656 Sulla.

85 3699 122 3758 ln
138 3693 251 3758 numia
268 3696 386 3784 Cretae
398 3693 563 3778 argenteis
577 3695 700 3776 Lupus,
716 3695 748 3755 irt
763 3695 838 3756 Cer·
894 3716 958 3780 que
975 3695 1090 3770 serius,
1107 3692 1188 3755 belli
1206 3693 1310 3756 uirilis
1325 3694 1458 3757 alterius
1476 3707 1635 3777 tempure,

83 3793 349 3881 thagiuieusibus
367 3795 556 3862 Doiubcliu.
895 3798 1010 3862 consul
1032 3795 1102 3856 fuit.
1141 3795 1320 3878 Adoptatus
1341 3817 1360 3858 a
1381 3794 1507 3858 celebri
1529 3793 1637 3856 Theo·
1709 3799 1714 3808 ’

458 3917 477 3952 a
894 3899 1002 3984 phane
1033 3897 1233 3979 Mytilenaeo
1263 3881 1472 3980 Theophanis
1505 3915 1635 3981 quoque

87 4001 236 4062 Bulbus.
354 3959 373 3996 ἦ
561 3961 580 3999 ³
895 4021 1015 4064 nomeu
1046 3999 1182 4080 sumpsit
1206 3995 1248 4078 b).
1291 3999 1343 4062 Ad
1375 3999 1533 4062 maximos
1566 3996 1639 4058 sub-

149 4099 204 4162 Ae
223 4097 383 4161 illustrent
399 4097 606 4183 petriciorum
625 4111 756 4184 gentem
771 4117 837 4160 nou
895 4102 972 4166 iude
995 4103 1138 4165 bonores
1162 4113 1314 4175 erectus,
1338 4113 1372 4163 et
1394 4100 1499 4182 ipsum
1523 4119 1640 4162 consu·

82 4204 285 4288 pertinuere
317 4199 427 4278 Balbi,
465 4223 538 4264 nam
567 4201 684 4264 horum
714 4189 837 4283 primus
894 4204 994 4265 latum
1022 4201 1210 4273 suffectum,
1237 4219 1333 4283 quem
1354 4199 1429 4260 iniit
1447 4201 1487 4266 V.
1505 4199 1541 4263 C.
1565 4211 1642 4281 714,

80 4309 123 4368 1..
150 4300 332 4367 Cornelius
368 4302 489 4366 Balbus
527 4302 701 4366 Gaditanus
740 4301 838 4365 domo
896 4305 1002 4389 primo
1033 4303 1185 4386 exemplo
1216 4301 1286 4384 ejus
1315 4301 1450 4363 honoris
1478 4301 1511 4362 iu
1537 4299 1639 4364 homi·

80 4405 163 4482 t'uit,
190 4419 229 4468 et
253 4403 340 4488 quod
369 4407 588 4504 praeclusere
605 4405 638 4465 in
657 4403 745 4468 bello
764 4404 839 4468 Ser·
896 4425 971 4468 uena
1001 4419 1092 4468 extra
1116 4403 1238 4466 ltaliam
1267 4417 1376 4466 uatum
1402 4385 1521 4466 collati.
1560 4401 1639 4484 Ejus

895 3493 1050 3556 Cornelio
1081 3491 1243 3566 Lentulo,
1283 3489 1338 3572 qui
1366 3491 1469 3554 Balbo
1499 3491 1637 3554 civitatis

893 3593 1089 3658 beneficium
1112 3616 1129 3656 a
1152 3591 1312 3674 Pompeio
1333 3593 1537 3676 impetravit,
1569 3593 1638 3676 qui·

79 4707 153 4856 Bp
171 4700 229 4856 pa
244 4701 374 4760 canon
399 4721 454 4780 pro
472 4701 564 4764 easta
583 4713 643 4768 aa.
700 4702 735 4774 a)
756 4700 914 4781 capitatia.
931 4703 961 4762 a.
976 4704 1120 4774 etratus,
1140 4705 1203 4764 cre.
1218 4721 1273 4784 pta
1288 4703 1381 4764 ratas
1396 4664 1483 4774 aas,
1505 4701 1643 4762 sessu..

106 4839 113 4852 .
155 4797 265 4868 ΜΡ.
279 4805 305 4854 t.
874 4819 878 4826 ¹

1394 4887 1461 4948 Za
