4180 5484
728 572 1043 655 couttuutl.
1386 593 1389 604 '
1588 603 1654 672 tut

107 761 177 810 tum
197 763 312 810 aarum
337 737 489 806 fastidiat.
536 737 697 834 Quoniam
720 743 754 807 in
777 766 857 809 nou·
912 749 1089 812 Lentulum
1110 747 1337 815 Marcellinum
1367 735 1655 822 consulantne.

109 847 210 911 nullis
225 845 310 910 Liuii
329 843 498 908 codicibus
514 841 577 908 hoc
592 845 667 910 loco
685 865 746 932 pro
762 849 858 910 Mar·
912 849 994 934 737,
1024 871 1067 914 ex
1093 871 1158 936 quo
1186 851 1345 930 efficitur,
1375 855 1568 918 Marcellum
1599 855 1656 919 uli·

108 951 251 1013 collinus
271 947 396 1032 legitur
413 947 615 1025 Marcellus,
637 970 675 1012 ac
695 951 857 1033 posterio-
913 971 1010 1038 quem
1049 975 1067 1015 a
1097 953 1239 1018 Lentulo
1281 953 1431 1038 quopiam
1469 956 1655 1040 adoptatum

107 1071 181 1114 rem
195 1051 278 1116 hauc
289 1049 465 1114 lectionem
482 1067 547 1110 non
562 1049 656 1131 pauci
669 1051 789 1112 eruditi
803 1049 858 1114 ad·
913 1065 1097 1135 cognomen
1111 1055 1264 1120 Marcelli
1282 1057 1316 1118 iu
1333 1057 1559 1121 Marcellinum
1574 1079 1653 1144 pro·

107 1153 266 1234 parabant,
285 1171 340 1215 res
357 1169 490 1234 semper
508 1150 633 1212 ineerta
648 1151 727 1227 erit,
746 1165 855 1216 utrum
913 1153 1056 1226 duxisse.
1098 1157 1291 1220 Marcellum
1319 1179 1337 1221 a
1359 1158 1502 1224 Lentulo
1525 1160 1655 1246 adopta·

108 1274 229 1316 resera
266 1239 449 1315 exstitehint
494 1249 620 1314 Claudii
660 1253 854 1317 Marcellini.
913 1269 980 1318 tum
999 1256 1137 1321 hausere
1157 1258 1277 1322 eruditi
1296 1279 1337 1322 ex
1350 1259 1515 1326 Cicerone
1532 1263 1581 1346 d),
1606 1265 1655 1328 M.
1688 1331 1691 1336 ,

109 1353 212 1416 Certe
235 1369 368 1438 praeter
389 1353 558 1416 Liuianum
582 1352 671 1416 huuc
689 1355 856 1418 Marcelli·
914 1359 1103 1422 sllnrcelius
1118 1359 1304 1424 Aesernini
1317 1374 1416 1442 puter
1430 1383 1495 1424 non
1511 1365 1570 1428 ille
1585 1368 1656 1443 qui·
1688 1349 1691 1354 ¹

109 1476 188 1516 num
215 1453 325 1516 nullus
348 1455 430 1517 alius
448 1455 482 1515 in
501 1467 600 1539 gente
623 1453 758 1518 Claudia
781 1475 857 1540 pro·
913 1459 985 1520 darn
1001 1460 1038 1521 in
1051 1461 1223 1542 patronis,
1245 1461 1351 1523 sedet
1366 1463 1402 1524 in
1421 1467 1586 1545 promptis
1606 1477 1656 1526 tn·

109 1557 208 1620 ditur.
262 1557 434 1620 Existimat
461 1555 615 1640 Pighius,
656 1553 712 1640 qui
741 1557 857 1620 lectio·
912 1579 1003 1636 rnen,
1024 1571 1059 1621 et
1076 1581 1142 1622 non
1156 1564 1401 1626 inexercitatus
1417 1565 1463 1626 cd
1482 1565 1656 1627 dicendum

107 1679 185 1722 rtem
209 1657 434 1720 Marcellinus
457 1659 625 1740 sequitur,
657 1657 799 1742 aliquem
821 1657 856 1717 iu
902 1662 996 1744 fuit,
1019 1671 1057 1721 ut
1060 1658 1162 1742 filius
1177 1661 1248 1739 ejus
1267 1662 1491 1728 auunculus.
1514 1665 1655 1728 Marcel·

109 1759 266 1822 familiam
311 1757 438 1820 Claudii
478 1757 631 1822 Marcelli
669 1757 856 1842 adoptatum
913 1759 965 1822 lus
984 1759 1086 1822 lilium
1108 1759 1286 1823 Lentulum
1308 1762 1431 1826 habere
1453 1779 1521 1826 uon
1539 1765 1655 1847 potuit,

110 1861 283 1924 denariam
321 1859 409 1922 huno
447 1879 521 1921 curn
559 1857 742 1922 honorifico
772 1860 858 1921 Μαι·-
912 1859 975 1922 nisi
988 1859 1022 1920 in
1035 1861 1253 1930 Lentulorum
1267 1861 1420 1924 familiam
1436 1885 1498 1947 per
1511 1865 1656 1950 adoptio·

109 1961 276 2024 cellarum
311 1973 388 2044 typo
425 1959 610 2022 feriundum
647 1980 777 2023 curasse
814 1961 856 2042 Ι).
909 1981 989 2056 ¹stetu
1016 1962 1220 2040 translatum,
1251 1962 1442 2046 adoptante,
1475 1978 1511 2028 ut
1535 1966 1656 2032 leviter

111 2063 342 2142 stomachatur
359 2061 442 2124 hanc
456 2062 646 2126 sententiani
660 2062 857 2124 Havercam·
913 2045 1046 2146 conjicit
1059 2063 1194 2148 Pighius
1210 2068 1257 2146 e),
1279 2065 1317 2128 Ρ.
1330 2063 1473 2128 Lentulo
1486 2065 1580 2134 Sura.

108 2187 190 2247 pus,
222 2163 316 2249 quia,
346 2163 410 2238 ait,
434 2164 463 2226 si
482 2165 509 2228 is
531 2164 565 2224 iu
586 2163 739 2226 familiam
761 2163 856 2226 Clau·
975 2163 1061 2228 Huic
1086 2183 1167 2248 ergo
1194 2164 1337 2228 Lentulo
1359 2167 1570 2245 Marcellino,
1601 2181 1657 2229 aut

108 2267 197 2330 diam
227 2265 448 2342 transitisset,
479 2285 546 2328 non
575 2277 750 2330 uocaretur
770 2265 856 2326 Mar·
912 2264 1000 2350 quod
1031 2264 1159 2344 malim,
1198 2265 1294 2349 hujus
1329 2265 1398 2328 lilio
1426 2267 1526 2330 tribui
1555 2270 1654 2354 vulgo

108 2367 252 2432 cellinus
271 2387 312 2431 ex
329 2366 525 2450 cognomine
542 2365 766 2442 Claudiorum,
795 2363 855 2428 sed
912 2369 998 2431 solet
1019 2387 1136 2430 numus
1160 2387 1202 2429 ex
1227 2368 1402 2450 propositis
1430 2369 1522 2450 prior
1543 2369 1657 2433 iuscri-

106 2467 306 2554 productum
328 2467 466 2530 haberet
494 2487 616 2531 nomen
638 2469 708 2549 ejus
731 2465 853 2550 gentis,
912 2481 970 2552 pto
1016 2455 1356 2546 MARCELLINVS,
1401 2471 1492 2551 cujus
1543 2485 1655 2556 typos,

106 2591 150 2635 eu
182 2591 246 2656 qua
275 2571 309 2631 iu
330 2567 498 2632 Claudiam
528 2567 680 2651 migravit
705 2566 746 2650 ts),
789 2569 858 2636 Vo-
913 2589 987 2633 cum
1022 2567 1064 2631 ad
1098 2569 1265 2632 Claudiam
1293 2572 1527 2634 Marcellorum
1556 2573 1658 2654 perti·

104 2694 181 2736 rum
206 2670 308 2748 istud,
338 2663 367 2734 si
384 2669 732 2752 adoptatusexaliena
754 2681 853 2752 gente
912 2683 1030 2748 neunt,
1061 2671 1181 2754 jamin
1202 2671 1262 2735 hac
1283 2673 1450 2756 praecepi.
1493 2673 1656 2738 Ducarius

105 2771 327 2836 inclaudiam
351 2770 515 2852 transisi13
547 2769 606 2832 sed
629 2771 723 2855 qnid,
753 2770 781 2831 si
800 2769 853 2832 hic
911 2773 996 2836 altar
1024 2771 1154 2849 obuius,
1192 2785 1227 2834 at
1254 2793 1316 2858 per
1345 2773 1451 2837 uarias
1489 2773 1655 2856 alphabeti

104 2874 278 2958 adoptatus
302 2893 345 2936 ex
373 2871 493 2936 familia
525 2872 659 2938 Claudia
681 2871 855 2933 Marcello·
911 2873 1023 2936 literas
1070 2871 1242 2954 multiplex
1286 2872 1385 2936 offert
1431 2874 1653 2958 epigraphen:

105 2974 361 3039 nominalium
399 2973 546 3059 ejusdem
570 2973 676 3058 gentis
700 2971 853 3035 Claudiae
911 2975 1041 3036 LENT.
1059 2975 1166 3036 ttatt.
1185 2973 1244 3050 F.,
1265 2993 1360 3056 quam
1379 2974 1425 3038 aio
1443 2973 1653 3057 expletVail-

104 3075 285 3163 migravit?
326 3077 409 3139 Cum
430 3076 531 3160 igitur
565 3090 632 3137 tum
659 3073 853 3138 Claudianus
910 3075 1047 3153 lentius,
1092 3089 1125 3136 et
1153 3075 1416 3157 Havercampnst
1454 3077 1653 3140 LENTulus

106 3179 175 3243 slici
215 3197 284 3240 uon
319 3177 483 3262 potuerit,
522 3173 595 3238 lieri
628 3187 779 3260 poterat,
816 3185 853 3236 ut
909 3177 1120 3238 Maneetttnt
1143 3175 1267 3239 Filius.
1303 3177 1348 3238 At
1369 3175 1422 3238 cui
1443 3177 1477 3238 in
1498 3176 1559 3240 hae
1581 3196 1653 3239 sen-

104 3279 339 3344 hlaroellinum
371 3301 407 3342 se
429 3277 557 3342 diceret
587 3274 853 3340 adiudicandum
910 3277 1011 3341 tantia
1033 3275 1150 3339 mirum
1182 3297 1249 3339 uon
1273 3277 1438 3350 rideatur,
1475 3277 1653 3342 Lentulum

105 3381 284 3458 familiam,
322 3381 407 3444 unde
445 3379 624 3466 processit,
664 3375 751 3463 quod
789 3377 854 3460 jam
910 3377 1032 3458 lilium,
1056 3377 1113 3464 qui
1132 3376 1330 3466 perindeao
1349 3377 1562 3462 paterdictus
1582 3393 1654 3443 erat

104 3483 289 3568 auspicatus
316 3496 368 3546 est
396 3481 549 3544 Dulterns
584 3482 625 3564 ο).
669 3477 776 3542 Simili
805 3499 856 3540 ra·
909 3475 1314 3556 Lentulustlaheallinus‚
1336 3500 1411 3543 aeae
1428 3480 1462 3542 in
1480 3501 1579 3544 numo
1592 3483 1653 3546 ‘vo-

106 3585 198 3648 tione
230 3581 386 3646 hahemus
412 3584 446 3644 in
475 3583 589 3647 eadem
611 3579 853 3644 Postumiorum
910 3603 987 3646 care
1017 3582 1203 3646 Marcellini
1237 3582 1363 3646 lilium?
1405 3583 1562 3658 llomani,
1599 3601 1654 3643 cu·

106 3700 207 3772 gente
231 3699 265 3749 et
286 3687 327 3750 Α.
344 3687 547 3748 Postumium
570 3685 719 3760 Album,
756 3695 791 3746 et
812 3683 852 3746 A.
909 3685 960 3767 jus
984 3697 1095 3747 essent
1112 3683 1189 3762 lilii,
1220 3683 1406 3748 indicavere
1425 3683 1534 3746 addito
1551 3684 1651 3766 patris

105 3787 311 3850 Postumium
331 3789 513 3865 Albinum,
554 3783 642 3871 quod
668 3804 789 3848 nomen
812 3803 853 3848 ex
910 3786 1140 3870 praenomine,
1178 3805 1251 3849 enm
1287 3785 1376 3849 idam
1410 3797 1552 3868 uterque
1586 3805 1654 3849 non

105 3891 224 3953 similis
262 3887 397 3973 generis
431 3887 605 3972 adoptione
635 3899 744 3950 natum
774 3875 854 3949 licet
911 3906 1043 3970 semper
1066 3886 1235 3964 habuerit,
1265 3907 1332 3950 non
1354 3887 1568 3970 cognomina,
1597 3886 1651 3950 rel

106 3991 281 4077 suspicari.
911 3987 1103 4072 agnomine,
1125 3987 1212 4072 quod
1236 3989 1364 4073 utrique
1385 3987 1446 4050 luit
1467 3985 1651 4051 commune.

180 4093 271 4156 Gens
310 4089 464 4157 cernetis
493 4090 707 4156 Marcellinus
743 4087 855 4153 hahuit
913 4089 1060 4186 Quodsi
1085 4091 1298 4174 quispatreua
1325 4111 1418 4152 snum
1444 4111 1506 4173 per
1530 4109 1652 4174 cogno·

103 4207 219 4260 certos
255 4192 432 4256 Lentulum
470 4191 717 4268 Marcellinum,
754 4212 853 4278 quent
912 4213 988 4255 men
1025 4193 1225 4269 enunciavit,
1264 4205 1389 4255 certum
1426 4205 1653 4272 argumentum

104 4297 247 4380 Pighius
268 4296 310 4362 V.
329 4296 366 4359 C.
383 4292 444 4374 (tqh
469 4309 657 4380 praetorem
680 4293 854 4378 Syriaeue
912 4294 1112 4376 adoptionis,
1141 4316 1203 4378 per
1221 4314 1315 4377 qnam
1337 4292 1505 4376 utriusque
1533 4313 1654 4376 cogno·

103 4397 259 4483 Appiano
300 4395 486 4476 constituit,
529 4411 564 4462 et
594 4399 634 4464 P.
663 4395 853 4460 cornelium
911 4395 999 4460 mitta
1026 4395 1161 4462 variam.
1210 4391 1320 4488 Quare
1353 4393 1486 4472 nescio,
1521 4417 1561 4458 an
1588 4416 1654 4458 non

160 4717 275 4788 alle.
375 4717 410 4793 b)
431 4719 551 4797 Pugna
652 4721 683 4794 a>
703 4717 974 4780 adclulouhitii.
1075 4719 1110 4793 d)
1129 4721 1159 4778 in
1173 4721 1265 4782 Bruto
1277 4663 1364 4788 ¹esti
1464 4718 1658 4794 e)Tom.lll.

106 4825 178 4886 pag.
195 4815 259 4872 283.

1341 4904 1453 4966 hau
