4254 5494
407 569 481 638 232
1049 537 1323 612 ΡΟΜΡΕΙΔ.

277 791 280 797 ,
405 724 448 786 nii
465 739 545 787 vere
562 717 596 780 in
614 713 803 800 Hispaniam
821 709 971 776 rideatur
989 709 1154 793 appulsus,
1212 707 1352 772 alterum
1369 706 1455 771 hune
1474 705 1642 773 denarium
1665 731 1683 773 s
1703 711 1781 778 Sex.
1801 713 1965 800 Pompejo

408 823 499 898 nullo
525 831 620 905 paeto
645 817 679 878 in
703 815 840 880 alterum
864 815 926 877 hoo
949 827 1077 895 tempus
1099 810 1156 874 de·
1213 831 1342 888 cusum,
1376 831 1451 873 nam
1480 810 1534 874 hic
1563 811 1598 874 in
1628 813 1728 877 centis
1758 815 1826 878 auia
1854 818 1965 882 numia
1993 809 1997 818 ’

407 926 517 990 narius
535 922 590 984 hic
609 931 718 1004 potest
735 916 873 980 moseri.
1146 944 1152 952 >
1209 934 1267 975 sna
1288 932 1420 996 semper
1440 913 1570 976 uomina
1591 916 1691 999 ospiti
1715 915 1817 1002 patris
1839 917 1962 982 adseri·

471 1025 547 1120 Quo
569 1021 674 1085 minus
694 1017 865 1104 antiquarii
883 1015 1053 1080 denarium
1072 1013 1153 1077 alte.
1208 1014 1292 1098 psit,
1314 1015 1397 1099 quae'
1418 1013 1528 1076 lexin
1551 1015 1614 1080 hoe
1636 1021 1683 1085 Μ.
1700 1017 1828 1083 minanti
1846 1019 1962 1106 Sabini

406 1151 480 1194 rum
499 1129 534 1190 in
550 1122 701 1209 Pompeii
721 1121 789 1187 sivi
810 1133 959 1202 tempora
978 1130 1152 1194 vocarent,
1210 1115 1537 1182 denarioobaervsta
1556 1139 1621 1182 uon
1641 1134 1702 1186 eat.
1732 1120 1858 1185 Auctor
1878 1120 1964 1184 belli

407 1234 471 1298 etsi
497 1244 649 1313 typorum
674 1221 854 1286 similitudo
882 1231 1020 1282 aetatem
1047 1219 1153 1303 priori
1209 1217 1434 1300 Hispaniensis
1456 1221 1824 1300 meminit.L.Miuatii,
1847 1223 1961 1308 quiin

407 1332 623 1417 synchronam
658 1324 829 1399 suaderet,
870 1321 994 1383 obstitit
1030 1316 1151 1403 religio
1207 1319 1363 1404 Hispanis
1391 1317 1571 1405 desperatis
1593 1321 1685 1386 dunis
1708 1324 1760 1388 aui
1781 1325 1884 1388 Casei
1908 1344 1962 1388 re-

408 1434 522 1518 capitia
544 1426 694 1510 Pompeji
716 1425 750 1484 in
772 1441 813 1484 ee
835 1421 970 1504 signati,
998 1441 1072 1483 cum
1093 1421 1151 1484 illa
1207 1420 1268 1483 bus
1300 1421 1341 1483 ad
1371 1422 1544 1485 Caesarem
1578 1422 1721 1488 delicere
1755 1425 1890 1509 parabat
1918 1431 1962 1508 Ι).

407 1547 513 1600 aetate
529 1529 675 1594 nondum
693 1524 838 1588 licuisset
858 1523 997 1586 hominia
1018 1523 1084 1588 rivi
1104 1542 1156 1586 ca·
1211 1523 1390 1586 Praeclare
1408 1522 1496 1586 istud
1512 1525 1732 1606 conjecturam
1749 1547 1856 1590 meam
1874 1527 1965 1610 juss-

406 1651 466 1722 put
483 1645 634 1698 monetae
652 1626 789 1692 inferre.
817 1627 909 1710 Ergo
928 1647 945 1689 a
965 1625 1041 1688 Sex.
1057 1626 1154 1688 Pom·
1213 1638 1285 1701 ret,
1308 1625 1368 1688 sed
1389 1624 1542 1688 Minatiua
1563 1627 1597 1689 iu
1618 1649 1718 1694 numo
1740 1628 1862 1693 dicitur
1878 1632 1966 1694 Mar·

405 1738 485 1824 pejo
515 1736 550 1796 in
581 1730 692 1795 Sicilia
726 1747 822 1792 ouans
857 1727 958 1810 vulgo
995 1725 1152 1791 ereditur.
1210 1746 1286 1804 cus,
1308 1745 1375 1790 nou
1392 1726 1525 1795 Lusius.

408 1838 497 1933 Quid
518 1837 546 1899 si
567 1847 760 1906 statuamus,
782 1841 958 1913 utrumque
981 1827 1153 1891 denarium

406 1944 567 2026 signatum
607 1935 641 1996 in
674 1931 849 2015 Hispania,
897 1951 961 2013 quo
1002 1941 1153 2011 tempore

407 2047 535 2108 Gnaeus
554 2037 666 2121 Magni
685 2037 724 2100 F.
747 2032 871 2095 bellum
895 2031 1050 2094 adsersus
1074 2035 1154 2094 Cae·
1896 2081 1901 2090 ,

407 2165 514 2210 sarem
536 2137 723 2226 apparavit?
760 2135 845 2198 Sane
873 2133 906 2195 iu
934 2133 995 2196 hae
1023 2147 1153 2196 senten·
1272 2133 1413 2194 Numum
1440 2129 1481 2201 Γ.
1505 2132 1776 2204 ΠΟΜΠΗΙΟΟ.
1804 2159 1879 2203 enm
1908 2160 1961 2204 aa.

405 2249 451 2312 tia
486 2245 555 2329 typi
591 2239 674 2303 nihil
712 2236 896 2300 obturbant.
950 2236 1152 2319 Proponitur
1209 2239 1277 2321 pite
1297 2237 1448 2326 Pompejl
1467 2240 1512 2302 Μ.
1535 2239 1611 2303 ride
1633 2240 1667 2304 in
1688 2240 1795 2304 numia
1816 2242 1959 2326 Pompe.

406 2349 493 2414 enim
515 2351 641 2410 Caseus
661 2341 695 2402 in
714 2338 901 2423 Hispaniam
922 2337 1092 2421 appulsus,
1118 2351 1153 2401 et
1208 2341 1418 2425 jopolitarum
1438 2340 1583 2408 ciliciae,
2055 2331 2063 2340 '

405 2452 445 2517 ab
474 2452 544 2534 ejus
571 2442 707 2510 urbibus
736 2453 873 2524 propter
902 2443 1002 2523 patris
1028 2461 1152 2505 memo.

403 2553 487 2615 riam
506 2549 648 2629 henigne
665 2554 833 2624 exceptus.
855 2541 1012 2624 Ejusdem
1028 2563 1151 2606 memo·

404 2653 495 2726 riae,
523 2663 558 2711 et
579 2647 613 2706 iu
634 2646 703 2706 filio
725 2643 853 2724 pietatis
876 2661 971 2706 eausa
992 2643 1150 2705 insertum

403 2773 503 2816 nunno
525 2746 676 2829 Pompeji
703 2745 824 2806 mortui
849 2756 953 2825 eaput.
992 2745 1066 2806 Non
1093 2743 1150 2806 ob·
1212 2787 1215 2796 ,
1271 2747 1350 2811 Sex.
1380 2749 1531 2835 Pompeji
1567 2769 1683 2814 numos
1718 2772 1822 2816 nem.
1856 2753 1961 2822 hino.

404 2869 467 2918 ⁸¹³²
504 2850 683 2936 il'lss‘ll'he
719 2846 787 2912 CN·
818 2844 1012 2912 MAGNVS·
1029 2842 1148 2930 ‚IMP.,
1206 2847 1269 2910 rici
1308 2869 1402 2916 cauas
1439 2855 1474 2918 in
1517 2867 1680 2918 monetam
1719 2854 1956 2940 imperatorum

404 2976 486 3043 quae
519 2954 560 3018 ad
593 2949 697 3016 tiliam
724 2949 869 3013 Gnaeum
902 2967 1006 3032 seque
1038 2959 1148 3032 potest
1207 2948 1338 3018 differo.
1406 3017 1408 3024 ,

402 3058 592 3145 pertinere,
624 3076 699 3118 nam
720 3071 841 3115 nomen
864 3053 987 3133 Magna·
1006 3047 1146 3132 perinde

328 3201 332 3216 ·
403 3181 441 3226 ae
458 3162 577 3224 Sextus
598 3156 711 3220 habuit
730 3153 1001 3229 haereditarium,
1026 3150 1149 3216 dietum

403 3277 512 3326 autem
534 3259 634 3322 luisse
656 3259 908 3340 imperatorem,
939 3255 1002 3317 etsi
1022 3254 1109 3318 istud
1129 3277 1149 3319 a
1208 3256 1327 3340 Rufus.

402 3365 533 3426 nemine
561 3371 713 3422 ueterum
745 3355 910 3440 proditum
943 3358 1067 3432 norim,
1103 3369 1148 3420 ta·
1269 3359 1432 3424 Denarios
1451 3357 1492 3455 Q.
1513 3363 1754 3446 Pompejiliuli
1775 3365 1850 3430 vide
1869 3369 1955 3432 reei-

402 3485 480 3528 men
496 3480 636 3548 pronum
654 3473 705 3522 est
721 3458 875 3532 eredere,
894 3457 979 3540 quod
998 3458 1049 3520 rei
1064 3479 1149 3520 sum·
1206 3473 1289 3524 tates
1306 3461 1338 3522 in
1356 3461 1461 3526 numia
1480 3465 1626 3528 Cornelii
1645 3467 1766 3531 Sullae.

401 3590 454 3632 ma
479 3567 514 3628 in
535 3584 578 3629 eo
602 3561 692 3625 bello
714 3559 755 3624 ad
773 3561 918 3622 Gnaeum
936 3557 1043 3622 dettta
1061 3559 1088 3620 is
1110 3554 1169 3621 ti-'

402 3672 490 3736 tulus
512 3665 738 3733 auctoritatem
757 3663 792 3725 in
813 3661 927 3726 eastris
949 3659 1085 3738 addidit,
1108 3683 1146 3726 ue

402 3775 458 3838 rel
480 3772 557 3834 ideo
579 3767 778 3833 ambitiosius
802 3778 855 3829 est
884 3763 1062 3847 quaesitus,
1091 3784 1147 3826 ne·

403 3897 467 3962 que
485 3874 589 3938 multe
608 3870 721 3937 labore
739 3882 861 3954 partus.
886 3867 940 3930 stc
957 3879 991 3928 et
1006 3867 1052 3930 M.
1065 3867 1147 3928 Bru·
1205 3871 1352 3954 Pompeii
1371 3875 1500 3937 incerti,

402 3995 489 4054 tum,
512 3997 585 4042 eum
608 3973 732 4037 bellum
756 3970 910 4036 adversus
933 3969 1145 4034 Octavianam
1204 4009 1206 4016 ‹
1268 3967 1949 4046 POMP.'-L.POMP.-SEX.POM.

402 4093 551 4166 pararet,
582 4079 668 4140 hune
691 4073 752 4140 sibi
774 4074 932 4138 honorem
961 4071 1148 4156 promereri
1204 4109 1247 4120 -
1268 4075 1305 4138 P.
1329 4075 1435 4144 POM.
1464 4114 1507 4126 -
1532 4077 1703 4142 '1'.POM.
1728 4079 1824 4144 SEX.
1852 4081 1888 4142 F.
1919 4083 1950 4143 in

401 4182 582 4257 studuisse,
621 4193 656 4244 ut
695 4177 819 4261 majore
857 4174 1012 4259 dignitate
1048 4176 1147 4238 rebus
1205 4178 1316 4241 aeneis
1346 4199 1419 4242 eum
1450 4182 1616 4246 unciarum
1644 4180 1750 4256 notis,
1788 4179 1950 4244 incertum

401 4298 588 4370 praeesset,
620 4282 654 4344 in
676 4281 747 4364 ejus
767 4277 875 4342 numia
899 4275 1036 4340 dicetur.
1082 4275 1147 4338 Ad·
1205 4291 1329 4354 tamen,
1356 4303 1395 4344 sn
1416 4303 1480 4346 non
1505 4285 1621 4348 horum
1640 4283 1742 4369 aliqui
1759 4283 1824 4346 sint
1842 4287 1951 4368 gentis

402 4403 496 4452 serto
528 4387 640 4460 etiam,
675 4385 780 4448 minus
810 4379 916 4447 uideri
948 4379 1144 4453 verisimile,
1204 4381 1414 4464 Pomponiae.
