4180 5484
743 549 1019 684 chevele.
1584 612 1653 676 m

109 749 300 815 Clastidium
312 749 447 814 victoria
460 751 565 833 ipsum
581 749 722 816 hostium
736 753 861 820 ‹lucem-
910 757 1053 822 Lentulo
1082 754 1234 843 quopiam
1265 758 1471 843 adoptatum,
1498 780 1539 826 ex
1562 759 1656 825 Cieo-

107 853 342 920 virdomarum
366 851 523 934 singulari
549 855 726 920 certamine
755 857 858 922 inter·
909 880 992 923 rone
1023 859 1182 944 colligunt
1215 861 1353 937 eruditi,
1392 861 1434 925 de
1465 883 1529 946 quo
1558 861 1653 938 ride,

109 955 209 1030 feeit,
237 969 272 1016 et
301 949 447 1028 detracta
469 955 571 1036 spolia
604 957 711 1038 opima
738 960 854 1024 tertius
911 962 1048 1044 quaein
1076 960 1185 1022 nuruis
1209 962 1315 1044 gentis
1338 964 1511 1025 Corneliae
1532 963 1656 1026 Lentu·

110 1056 303 1118 aunemulo
319 1049 692 1144 loviFeretrio'ohtulit.
715 1063 750 1120 ln
763 1061 853 1124 bello
910 1062 1017 1122 lorum
1032 1059 1199 1127 disseram.
1236 1064 1301 1124 Per
1323 1064 1405 1126 hanc
1428 1083 1512 1147 ergo
1531 1063 1656 1126 insitic-

108 1156 228 1220 rleiusle
247 1156 373 1218 Punico
390 1157 512 1238 primus
533 1159 746 1222 Hannibalem
766 1161 855 1225 vinci
910 1181 986 1224 nem
1012 1161 1115 1226 dictus
1132 1164 1289 1225 Lentulus
1306 1165 1534 1240 Marcellinus,
1563 1175 1655 1226 vete·

109 1277 210 1342 posse
231 1257 493 1339 experimentum
519 1257 620 1321 dedit.
654 1263 688 1320 ln
708 1263 854 1324 Siciliam
910 1264 1023 1344 risque
1050 1282 1127 1324 suae
1159 1265 1266 1344 gentis
1294 1284 1421 1326 memor
1450 1263 1585 1326 illustria
1607 1265 1653 1324 tt.

109 1379 170 1441 pro
187 1358 324 1422 consule
341 1357 461 1420 missus
473 1359 645 1438 Syracusas
661 1363 748 1443 cepit
762 1363 802 1430 V.
816 1363 852 1424 C.
910 1363 1061 1424 Marcelli
1082 1363 1226 1425 honores
1248 1363 1324 1426 huie
1348 1365 1482 1427 denario
1504 1363 1652 1428 inseruit.

110 1459 190 1535 542,
220 1457 362 1543 denique
387 1460 427 1526 V.
449 1459 485 1522 Ο.
512 1461 574 1536 546
601 1463 714 1524 consul
738 1463 779 1530 V.
800 1463 855 1525 aa·
909 1461 1072 1525 Adstituta
1100 1465 1197 1548 copiti
1227 1453 1386 1546 triquetra
1417 1464 1550 1526 tertium
1582 1463 1657 1546 ejus

109 1580 225 1624 versus
241 1558 456 1622 Hannibalem
481 1562 648 1643 proiectus
666 1565 856 1641 Poenorum
913 1559 1027 1639 decus,
1047 1576 1156 1644 captas
1170 1566 1342 1646 Syracusae
1359 1565 1535 1649 eloquitur.
1563 1563 1662 1626 Idem

110 1661 237 1724 insidiis
268 1681 373 1745 prope
408 1662 582 1730 Venusiam
615 1665 856 1730 circumventus
911 1681 1047 1738 numus,
1069 1664 1129 1725 sed
1149 1685 1270 1728 aeneus
1291 1664 1478 1741 l.lormae,
1500 1665 1655 1748 proponi·

110 1761 258 1826 nobilem
275 1773 415 1824 mortem
430 1766 564 1847 reperit.
912 1775 966 1823 tur
986 1764 1019 1823 in
1043 1784 1155 1827 museo
1176 1765 1374 1834 Pembroclt.
1400 1765 1438 1830 Ρ.
1453 1749 1508 1830 lll.
1534 1765 1598 1828 tab.
1618 1765 1654 1838 b,

174 1865 255 1925 Pars
272 1865 363 1926 numi
377 1884 490 1928 aversa
505 1865 628 1927 hina
597 1887 667 1948 eJus
680 1865 856 1949 praecipua
912 1881 953 1924 an
969 1864 1154 1944 genuinus?

108 1965 231 2028 decore
255 1980 431 2042 memerqat
460 1979 495 2027 et
520 1968 651 2047 quidem
674 1969 750 2052 epig
754 1967 857 2050 rophe
1273 1967 1293 2004 *

109 2065 425 2130 luisaeCOrtSulem
443 2066 787 2158 QVINQuiesjactat,
809 2083 858 2151 ty·
974 2066 1160 2128 LMLENT
1192 2055 1659 2132 c.nttttc.008.1nseri·

109 2191 169 2268 pus
211 2168 424 2232 honorificam
461 2170 639 2251 spoliorum
679 2168 857 2232 dedicatio·
912 2177 984 2248 ptos
1004 2167 1050 2228 sic
1073 2187 1189 2229 numos
1212 2169 1392 2251 explicatos
1410 2166 1535 2233 vidcin
1556 2179 1658 2250 gente

109 2291 205 2346 aem,
234 2290 327 2354 quam
351 2269 459 2332 divina
482 2291 538 2334 sua
559 2270 653 2354 poesi
676 2270 855 2336 celebrarit
912 2269 1065 2330 Lornelra
1078 2269 1307 2332 Lentulorum.

111 2371 209 2434 etiam
223 2370 381 2455 Virgilius
397 2371 446 2452 ⁸)t
1170 2417 1191 2454 4
1275 2369 1295 2406 ⁴
1380 2415 1401 2452 4

912 2467 1068 2532 Pulclrer.

175 2573 324 2656 Aspice,
343 2583 382 2638 ut
402 2574 548 2654 insignis
568 2573 687 2656 spoliis
709 2573 860 2636 Marcel·
1058 2568 1165 2650 Caput
1186 2569 1340 2632 Palladis
1362 2569 1499 2630 alatum.

452 2675 507 2734 lus
527 2677 646 2754 opimis
846 2735 882 2756 -.
909 2673 945 2737 C.
965 2670 1187 2740 PVLCHER.
1226 2671 1381 2734 Victoria
1405 2674 1442 2732 ira
1457 2669 1536 2730 citis
1551 2669 1660 2752 bigis.

173 2773 384 2856 Ingreditur,
417 2777 586 2854 victorque
610 2777 701 2840 viros
726 2795 857 2858 supere·
909 2775 980 2838 alt.
997 2773 1037 2836 R.

456 2879 561 2940 minet
575 2896 696 2939 omnes.
973 2871 1194 2941 PVLCHER.
1217 2871 1404 2939 TtvttVS.
1432 2869 1654 2938 REGVLVS.

173 2973 243 3038 Hie
260 2993 329 3037 rem
353 2973 538 3038 Romanam
558 2995 678 3059 magro
703 2978 856 3040 turbante
910 2975 1042 3038 lllVlll.
1062 2973 1101 3036 t.
1119 2973 1159 3036 A.
1178 2973 1219 3036 A.
1234 2973 1273 3034 F.
1289 2973 1328 3036 F.
1345 2971 1378 3032 in
1397 2971 1466 3036 AF..
1487 2973 1542 3032 lll.
1559 2975 1595 3036 C.

454 3076 604 3138 turnuttu
818 3103 829 3120 κ
923 3103 926 3108 ·
974 3075 1029 3138 tit
1047 3073 1164 3138 Cicero
1184 3073 1217 3133 in
1237 3073 1380 3135 Oratore
1397 3074 1443 3152 ο)ι
1472 3071 1563 3152 Quin
1575 3091 1658 3154 ergo

175 3175 284 3240 Sistet
302 3193 417 3256 eques,
443 3187 569 3238 sternet
596 3179 739 3252 Poenos,
775 3175 858 3240 Gat-
911 3179 997 3260 ipse,
1030 3197 1103 3238 cum
1125 3177 1262 3249 scirem,
1290 3175 1342 3234 ita
1363 3173 1505 3250 majores
1524 3171 1655 3234 locatos

457 3278 588 3355 lamque
600 3276 773 3354 rebellem,
911 3301 998 3353 esse,
1029 3289 1066 3338 ut
1085 3293 1244 3354 nusquam
1261 3275 1329 3334 nisi
1350 3275 1387 3334 r'a
1405 3272 1514 3334 vocali
1529 3276 1655 3353 aspira·

180 3377 358 3456 Tertiaprre
379 3397 471 3442 arma
487 3379 582 3459 putri
604 3382 779 3460 suspenott
802 3399 856 3442 ca·
912 3381 1003 3440 tione
1022 3389 1212 3451 uterentur,
1244 3372 1403 3452 loquebar
1423 3375 1490 3448 rie,
1520 3385 1559 3434 ut
1586 3374 1658 3458 pul·

452 3489 515 3561 pta
531 3475 684 3559 Quirine.
714 3505 718 3515 ·
912 3497 1007 3552 oros,
1043 3477 1200 3558 Cetegos,
1235 3471 1412 3556 triumpos,
1445 3471 1654 3557 llartaginem

803 3627 809 3639 .
913 3580 1054 3640 dicerem
1070 3589 1132 3641 etc.
1156 3577 1279 3638 Numae
1297 3594 1339 3638 ex
1358 3575 1532 3658 propositis
1550 3577 1656 3658 prior,

111 3683 163 3745 De
184 3683 266 3744 lore
277 3677 447 3758 Feretrio,
476 3679 590 3763 spoliis
613 3679 747 3762 opimis,
771 3681 856 3744 aliis·
913 3677 1001 3762 quod
1039 3697 1081 3742 ex
1109 3690 1189 3760 typo
1216 3675 1376 3758 colligere
1407 3674 1503 3752 lieet,
1541 3676 1656 3738 multis

114 3803 179 3868 que
202 3780 305 3846 causis
326 3781 390 3842 huc
411 3779 649 3863 pertinentibus
671 3779 856 3865 logeprae·
913 3780 1003 3862 prius
1018 3777 1109 3840 annis
1123 3779 1267 3864 signatus
1285 3789 1350 3852 est,
1367 3797 1461 3859 quam
1477 3775 1655 3840 Oratorem

113 3899 167 3948 ter
183 3883 267 3948 alios
282 3883 490 3963 Propertium
504 3877 549 3963 b).
654 3939 657 3946 ,
913 3879 1074 3944 scriberet
1095 3879 1231 3956 Cicero,
1262 3891 1297 3941 et
1326 3873 1434 3940 tamen
1457 3877 1521 3958 jam
1552 3877 1688 3943 PVL·¹
1812 3901 1816 3910 ·

70 4061 76 4068 ¹
177 3986 284 4083 Caput
312 3985 436 4046 anticas
466 3984 569 4066 ipsam
593 3979 735 4044 celebris
761 3981 856 4066 hujus
914 3983 1033 4045 CHER
1061 4001 1135 4044 cum
1174 3981 1313 4064 aspirata
1335 3979 1574 4072 ’scribebatun
1611 3977 1656 4040 de

112 4087 178 4154 riri
200 4083 347 4168 elligiem
378 4084 479 4162 sistit,
509 4083 571 4146 etsi
593 4081 748 4166 scriptum
769 4083 858 4166 juxts
914 4105 982 4170 quo
998 4082 1181 4166 disceptent
1199 4081 1411 4166 grammatici.

112 4191 247 4272 legetur
266 4185 595 4262 MARCELLINVS,
627 4183 716 4270 quod
736 4205 858 4248 nomen

112 4287 350 4354 Marcellorum
378 4287 520 4372 aliquem
554 4307 596 4352 ex
634 4297 736 4370 gente
765 4287 859 4348 Clau·
1173 4295 1192 4334 θ
1277 4247 1296 4284 ⁴
1381 4295 1402 4332 e

112 4391 208 4454 rtis·
197 4411 233 4464 us
260 4389 356 4454 aliam
383 4402 515 4474 gentem
544 4387 729 4472 adoptatum
759 4387 857 4450 mani·
976 4389 1043 4450 ΔΡ.
1052 4385 1272 4453 PVLCHEll.
1289 4383 1357 4447 ΑΡ.
1372 4367 1632 4447 mentitos.
1623 4405 1657 4444 ιιι

112 4491 203 4556 leste
225 4489 341 4556 docet.
356 4491 491 4556 Fuisse
515 4491 600 4552 huuc
622 4489 817 4553 Marcellum
839 4513 858 4552 a
915 4487 1103 4574 cistophoro
1119 4486 1319 4554 Laodicena.

154 4812 188 4885 a)
207 4809 341 4874 AemVl.
355 4827 383 4872 s.
399 4812 461 4886 ⁸⁶9·
534 4811 570 4883 la)
589 4807 827 4888 1..1v.etag.1r.
901 4810 933 4882 e)
953 4815 1070 4890 capta.

204 5015 212 5061 l
