4184 5500
744 397 1009 474 AEMILIA.
1126 413 1135 420 '
1581 425 1648 492 151

93 564 322 644 pecuniasque
350 561 557 636 transvexit,
597 565 721 626 tertius
748 571 857 649 copti·
909 587 970 655 pra
997 569 1212 654 conjecimus.
1254 571 1415 635 Denariur
1448 573 1503 638 hic
1533 589 1583 640 eet
1612 599 1665 640 ra·

98 683 175 736 cor,
202 661 376 742 ipsumque
393 679 501 742 regem
524 665 708 725 attonitum
728 667 854 744 adhue,
910 670 1076 748 uiuimus,
1110 685 1145 734 et
1166 671 1379 736 Goltaiannm
1400 687 1522 740 tantum
1546 679 1665 744 crede·

99 773 261 838 tunquam
274 761 388 824 subito
406 760 495 822 malo
511 773 709 844 stupentem.
729 767 797 829 Aut
813 765 855 828 ui·
909 793 1003 851 rem,
1023 771 1088 836 uini
1109 787 1184 839 eta
1205 775 1367 840 uoratlio
1385 777 1553 865 vulgatum
1575 779 1669 848 nide-

99 859 235 945 gnifiut
255 873 325 924 tren
354 861 395 926 1..
410 859 521 924 Paulli
542 861 745 948 triumphos,
774 887 855 951 quo·
908 893 993 940 rem.

99 985 175 1028 rum
196 983 282 1024 unua
313 959 355 1025 de
378 959 575 1046 Liguribue,
604 965 690 1028 alter
710 966 753 1030 de
772 969 854 1032 Per·
1101 979 1107 995 ·
1174 1005 1195 1044 .
1280 959 1300 996 ⁸
1382 1005 1402 1044 0

100 1083 178 1140 xeo,
200 1062 319 1126 tertiae
340 1061 501 1124 incertum
523 1063 567 1128 de
589 1065 724 1151 quibua,
752 1090 850 1153 quem
907 1075 1056 1158 Lepidus
1073 1075 1193 1142 Illvir.

102 1185 146 1228 ex
166 1163 304 1232 Velleio
327 1161 418 1226 elicit
437 1165 583 1249 Pighius.
618 1167 663 1228 Et
684 1189 762 1231 eane
784 1183 850 1233 ter·
970 1175 1078 1256 Hujus
1103 1159 1221 1240 namon
1249 1176 1324 1242 vide
1345 1178 1379 1244 in
1406 1195 1540 1246 monet.
1562 1183 1665 1273 impe.

100 1285 162 1328 nco
184 1263 247 1326 hoa
265 1263 464 1347 triumphos,
486 1287 568 1349 quoa
589 1277 698 1332 tamen
720 1283 851 1333 contro·
878 1265 882 1272 ’
909 1287 1065 1341 natorum.

100 1378 237 1430 vertunt
266 1363 384 1448 aliqui,
422 1367 592 1430 conlirmnt
619 1390 764 1434 marmor
780 1370 850 1434 'ho-
1171 1407 1191 1443 .
1278 1361 1297 1400 ⁴
1381 1409 1401 1444 .

101 1465 226 1551 dieque
247 1467 372 1530 Romae
395 1481 540 1544 exutam,
573 1482 607 1532 et
627 1469 750 1533 ibidem
774 1471 851 1536 cita·
898 1473 1072 1542 Securus.
1613 1485 1618 1492 '

102 1581 175 1632 tum
205 1590 224 1630 a
252 1561 391 1651 Pighio:
427 1570 716 1638 1..AEnt11.lv8.
747 1573 787 1635 1..
811 1573 849 1636 F.
1048 1579 1093 1638 lli.
1120 1575 1274 1643 sctvtt
1300 1577 1372 1640 Eli.
1398 1579 1433 1646 8.
1461 1580 1498 1644 0.
1521 1581 1663 1641 inimo:

100 1669 322 1738 eavnnve
351 1667 448 1734 cos,
470 1671 512 1734 11.
542 1671 665 1735 cane.
687 1671 851 1740 avcvn
1012 1692 1017 1706 ·
1048 1677 1348 1744 cananaeae.
1375 1680 1448 1742 nee
1464 1661 1596 1743 Arnas
1607 1697 1663 1760 ge-

102 1771 428 1840 rfflvrtl‘navtr.
461 1771 564 1836 TER.
615 1771 701 1840 Vide
724 1771 766 1836 de
789 1771 853 1836 hoo
1053 1779 1208 1860 ntfiexus
1239 1801 1266 1844 s.
1285 1780 1449 1842 camelum
1459 1779 1563 1862 sneno
1587 1782 1667 1841 reti·

100 1893 203 1937 numo
220 1874 314 1958 plura
331 1871 419 1956 apud
435 1871 670 1956 spanhemium
686 1875 729 1954 ⁸).
1050 1891 1125 1953 net,
1153 1880 1187 1941 d.
1212 1878 1307 1941 olene
1327 1900 1456 1942 ramum
1477 1880 1664 1962 protendit,

167 1977 205 2036 ln
231 1973 323 2037 numi
343 1975 399 2034 lll.
425 1993 540 2038 averna
561 1974 756 2042 Vaillantiue
785 1974 853 2058 cly·
1049 1997 1094 2039 en·
1114 1997 1179 2056 qno
1198 1981 1307 2041 vittae
1325 1963 1519 2058 ¹dependent.

101 2095 204 2160 penm
244 2073 495 2139 Macedonicum
537 2073 645 2152 ridet,
693 2088 851 2160 putatque
909 2078 949 2160 Ρ.Ι
970 2074 1157 2143 HYPSAE.
1187 2078 1292 2143 ΔΕΒ.
1325 2079 1424 2147 CVR.
1456 2113 1501 2128 —
1531 2079 1665 2143 011!-

100 2177 242 2244 iudicari
263 2179 499 2252 Clementiam,
520 2195 583 2258 qua
600 2196 680 2260 erga
699 2177 853 2240 Macedo·
909 2179 1034 2244 PSAE.
1049 2179 1145 2244 008.
1162 2181 1371 2248 PREIVER.
1391 2173 1549 2247 CAPTV.
1573 2180 1664 2260 Iupi-

101 2301 162 2342 nae
196 2297 275 2342 unua
306 2291 357 2342 ert
386 2275 521 2338 Paullus
551 2275 586 2336 in
615 2267 707 2340 bello
740 2291 855 2342 contra
912 2281 1161 2363 tersulminons
1179 2285 1216 2344 in
1233 2285 1313 2344 citis
1330 2283 1515 2363 quadrigis.
1538 2281 1609 2342 An.
1627 2279 1663 2345 0.

101 2382 276 2444 Perseum.
318 2378 364 2439 At
384 2378 494 2460 clypei
515 2376 722 2442 Macedonici
750 2378 854 2441 multo
973 2383 1054 2446 Para
1073 2395 1197 2444 tantum
1213 2381 1318 2445 antica
1339 2380 1380 2445 ad
1402 2395 1536 2466 gentem
1554 2377 1666 2442 Aemi·

103 2483 169 2546 alia
190 2493 242 2544 ext
263 2479 385 2562 ligura,
416 2493 539 2542 utnon
561 2477 661 2544 modo
684 2500 725 2542 ex
746 2481 853 2544 numie
911 2481 987 2546 liam
1027 2483 1189 2568 pertinet,
1238 2503 1359 2564 nempe
1406 2484 1452 2546 lt.
1483 2481 1661 2543 Aemilium

101 2581 320 2646 Macedoniae
350 2593 493 2659 coartat,
525 2577 586 2644 aed
615 2581 670 2646 rel
702 2603 744 2645 ex
773 2583 852 2666 ipcia
911 2584 1086 2666 Scaurum5
1131 2603 1206 2648 uam
1242 2604 1357 2648 aversa
1396 2596 1446 2646 eat
1480 2583 1518 2644 P.
1541 2581 1662 2644 Plautii

101 2683 214 2746 nuntie
264 2681 487 2746 consularibus
532 2681 668 2744 Caecilii
709 2685 850 2752 Metelli.
910 2687 1072 2769 Hypeaci,
1104 2706 1201 2770 quam
1236 2683 1472 2768 explicabimus
1501 2683 1537 2744 in
1565 2681 1662 2746 Plau·

101 2785 250 2870 Clypeuu
271 2802 352 2848 nero
367 2783 420 2848 hic
443 2803 486 2848 ex
507 2803 624 2846 eorum
646 2804 771 2868 genere
791 2801 851 2866 eat,
910 2785 964 2850 tia.
1013 2789 1256 2869 Argumentum
1296 2785 1448 2867 elegans,
1488 2797 1526 2846 et
1557 2795 1663 2846 totum

102 2886 222 2974 quales
248 2883 396 2948 dedicari
417 2897 451 2948 et
471 2883 628 2969 suspendi
648 2886 798 2950 colebant
818 2890 853 2950 in
910 2887 1114 2964 diatonicum.
1157 2889 1278 2950 Relert
1297 2885 1364 2947 Dio
1387 2882 1437 2966 1ὶ),
1467 2883 1664 2966 Pompejum

101 2989 187 3054 lucie
220 2987 325 3052 aacrie
353 3005 425 3049 cnm
455 2985 597 3070 imagine
629 2985 769 3051 deorum
798 2987 854 3052 vel
893 2985 1148 3052 'Renuntituta
1173 2987 1267 3070 Syria
1292 2999 1327 3050 et
1348 2982 1519 3047 Phoenice
1541 2983 1663 3045 Aeetae

102 3091 253 3154 virorum
283 3085 477 3165 illustrium,
507 3101 544 3152 ut
564 3101 655 3172 patet
682 3111 725 3152 ex
745 3090 854 3153 cumin
911 3089 1054 3153 Arabiae
1078 3089 1239 3150 Petraeae
1261 3086 1357 3171 regi,
1388 3083 1445 3170 qui
1462 3085 1589 3167 Syriam
1617 3083 1666 3145 in·

102 3191 234 3256 Tiberii
256 3211 332 3253 cum
362 3189 532 3253 simillimo
553 3204 650 3274 typo,
683 3203 717 3254 et
738 3191 855 3254 iuscri-
913 3189 1120 3255 caesionibus
1138 3209 1237 3272 caepe
1256 3199 1448 3261 vexaverat,
1469 3183 1595 3246 bellum
1616 3185 1666 3248 iu·

101 3295 166 3378 ptia
208 3291 519 3366 CLEMENTIAE,
559 3292 615 3356 vel
648 3289 855 3355 nonunt·
912 3291 1042 3370 tuliaee,
1074 3291 1258 3374 rictumque
1279 3285 1448 3354 custodiae
1478 3285 1664 3351 tradidisse.

102 3393 240 3458 TIONl.
292 3395 409 3455 Exstat
447 3393 548 3456 etiam
589 3413 706 3456 numne
746 3394 854 3475 gentio
911 3395 1068 3478 Apertior
1095 3406 1130 3456 et
1153 3391 1344 3477 explicatius
1373 3385 1554 3452 necandum
1575 3387 1664 3450 hunc

102 3495 302 3570 lleaciniae,
324 3493 381 3580 qui
400 3493 542 3578 Auguati
560 3507 656 3575 caput
675 3493 774 3555 simili
789 3497 855 3578 ely·
913 3491 1083 3558 denarium
1100 3495 1260 3578 loaephne
1276 3497 1324 3574 ο)ε
1345 3487 1543 3572 Pompeium
1564 3486 1666 3548 rebus

105 3615 171 3680 peo
192 3595 394 3679 inaculptum
416 3593 527 3659 offert.
569 3594 731 3658 Existimo
753 3615 855 3679 ergo,
912 3595 1058 3678 insyria
1085 3579 1263 3671 ordinalia,
1292 3613 1366 3656 cum
1389 3589 1533 3654 reditum
1556 3588 1591 3648 in
1616 3605 1669 3648 ur·

104 3711 219 3782 typum
249 3697 339 3760 hunc
360 3719 379 3760 a
401 3682 517 3760 Paullo
539 3695 661 3760 lectum
684 3695 724 3760 ad
746 3696 856 3760 deme·
912 3696 989 3759 bem
1018 3710 1168 3780 pararet,
1207 3715 1339 3759 omnem
1372 3693 1499 3776 Syriam
1532 3687 1573 3751 ab
1603 3687 1668 3748 En·
1769 3708 1772 3718 ¹

105 3797 247 3862 rendum
265 3799 448 3882 Auguetum
476 3798 511 3859 in
532 3797 725 3861 memoriam
754 3797 855 3881 patria
911 3799 1028 3882 plnrnte
1049 3817 1153 3884 utque
1170 3795 1211 3866 ad
1227 3797 1415 3881 Aegyptam
1437 3793 1564 3856 Scauro
1582 3807 1667 3852 com·

105 3899 202 3976 lolii,
231 3899 440 3982 cuiue-cauea
459 3897 658 3964 obeerrandi
683 3899 855 3964 decretum
911 3899 1056 3977 minione,
1086 3899 1142 3985 qni
1156 3898 1330 3965 cocleatim
1347 3897 1482 3959 Arctum
1502 3891 1594 3955 hello
1611 3911 1667 3974 pe·

104 4013 274 4078 aaeuatu,
295 4015 332 4064 ut
350 4001 553 4066 Clementiae
573 4002 676 4066 lullae
696 4001 854 4086 templum
911 4001 973 4066 tiit.
1017 4001 1062 4066 At
1082 4001 1171 4065 hunc
1192 3999 1317 4066 viribus
1349 3998 1415 4060 uuis
1445 3993 1589 4058 dislinum
1612 4013 1668 4076 pe·

106 4099 353 4179 aedificaretur,
380 4103 507 4188 dequo
528 4101 603 4168 vide
625 4103 720 4188 plura
741 4103 776 4166 in
796 4123 857 4166 nu·
912 4103 1005 4166 tiiene
1037 4123 1170 4186 pacem,
1211 4119 1349 4185 eamque
1384 4095 1509 4182 colutia'
1537 4092 1666 4159 talentis

107 4203 172 4266 mic
189 4201 389 4271 l.Caeaarin.
427 4203 557 4269 Eodem
577 4205 687 4270 animo
703 4204 857 4268 Paullum
915 4205 1008 4286 000.
1047 4204 1255 4288 impetratae.
1304 4201 1404 4266 Facta
1442 4199 1525 4264 haec
1555 4198 1596 4264 Vr
1625 4199 1660 4264 0.

99 4289 315 4372 ιοοιιοοαὶἰιιι
336 4299 483 4392 effigiem
505 4307 611 4370 namin
632 4306 783 4371 intulisse
805 4327 858 4370 cu·
915 4307 989 4388 uqa.
1042 4303 1136 4368 Sistit
1166 4324 1249 4391 crgo
1282 4303 1433 4370 denariae
1455 4303 1592 4366 Arctum
1613 4318 1663 4365 re·

146 4629 178 4698 ι)
197 4627 276 4688 nn.
289 4603 393 4704 ,nl
445 4629 480 4701 r)
499 4627 686 4702 cxxxvn.
701 4649 727 4690 c.
740 4640 783 4694 c.
839 4633 872 4703 c)
891 4592 991 4705 nn,
1006 4595 1126 4701 nn'v.
1141 4638 1193 4693 en
1207 4605 1268 4692 ns.
1283 4627 1358 4687 nen.
1363 4629 1436 4781 pua
1446 4621 1483 4691 n.
1494 4631 1517 4692 1.
1528 4633 1625 4699 nnn,
1636 4639 1663 4696 a.

1414 4739 1432 4784 2
