4212 5516
603 1699 1314 1818 PRAEFATIO.

791 2040 1133 2070 *-

186 2405 394 2538 Alteram
422 2451 647 2584 praesentis
681 2452 816 2566 operis
841 2467 1025 2568 partem,
1073 2481 1181 2570 quae
1214 2467 1424 2542 monetam
1453 2455 1735 2539 Romanorum

185 2687 491 2800 complectitur,
519 2687 564 2771 in
586 2687 724 2770 lucem
742 2685 867 2772 edere
884 2686 1045 2801 paranti
1063 2685 1189 2797 nihil,
1213 2686 1325 2802 quod
1343 2685 1593 2773 benevolum
1611 2687 1737 2770 lecto-

186 2951 275 3007 rem
305 2919 438 3004 amice
469 2921 725 3006 commoneri
754 2947 972 3034 cuperem,
1007 2921 1212 3029 occurrit,
1246 2921 1357 3032 quod
1387 2949 1472 3006 non
1499 2920 1544 3002 in
1572 2917 1737 3003 monitis

186 3153 445 3271 generalibus
484 3153 685 3238 volumini
722 3153 856 3266 primo
894 3153 1085 3266 praefixis
1130 3154 1209 3240 rite
1244 3151 1562 3266 occupavissem.
1624 3151 1737 3236 Istud

184 3395 318 3476 unum
342 3389 581 3474 observasse
610 3387 707 3472 satis
737 3385 833 3494 erit,
862 3415 931 3471 me
960 3386 1097 3474 dedita
1128 3415 1254 3502 opera
1272 3387 1318 3473 in
1341 3376 1533 3500 quintum
1559 3387 1639 3472 hoo
1663 3413 1736 3472 vo·

183 3625 326 3709 lumen
362 3619 472 3704 nihil·
502 3623 704 3747 recepisse
741 3617 942 3732 amplius,
980 3621 1059 3706 nisi
1094 3635 1399 3734 campartem,
1437 3648 1546 3734 quae
1586 3645 1735 3704 numos

185 3855 418 3942 consulares
437 3865 479 3988 et
497 3851 746 3938 familiamm
769 3867 992 3966 pertractat
1040 3859 1176 3968 Atque
1199 3853 1275 3940 etsi
1301 3854 1495 3940 fratribus
1520 3850 1623 3934 illud
1652 3847 1736 3931 suis

181 4090 268 4174 fore
291 4087 543 4174 contractius
568 4085 874 4200 praevideram,
903 4103 1046 4175 tamen
1068 4087 1255 4174 instimto
1276 4097 1435 4200 gratam
1453 4083 1523 4191 iis,
1557 4109 1736 4195 quornm

180 4323 372 4446 interest,
399 4347 491 4407 rem
518 4322 727 4460 lactumm
755 4321 923 4434 putavi,
962 4321 998 4406 si
1025 4321 1241 4410 materiam
1271 4331 1416 4430 suapte
1439 4318 1666 4431 integram,
1695 4329 1739 4400 et
1773 4313 1787 4340 ⁶
1848 4393 1853 4404 ,
1900 4269 1907 4284 .

182 4583 289 4669 quae
315 4557 370 4641 ab
401 4553 491 4642 aliis
521 4553 744 4670 separatim
774 4567 949 4641 tractata
971 4551 1073 4659 suit,
1108 4553 1304 4670 singulari
1327 4551 1539 4640 volumine
1560 4551 1740 4662 comple-
1829 4565 1832 4570 ’

182 4803 336 4896 cterer‚
380 4818 488 4903 qnae
522 4817 648 4874 causa
680 4789 779 4898 fuit,
821 4815 896 4875 cur
922 4819 1019 4876 snos
1048 4787 1110 4874 illi
1145 4788 1272 4874 etiam
1302 4787 1460 4876 indices
1492 4783 1741 4902 adjiciendos
