4184 5500
450 518 519 600 166
1110 509 1331 602 CASSIA.

436 699 499 750 cta
525 695 601 746 eunt
620 689 662 746 e'x
683 681 759 766 lege
781 684 806 746 1.
826 679 971 744 Caesaris
998 679 1038 748 V.
1058 680 1094 745 C.
1117 683 1190 764 buu.
1244 681 1318 762 ejus
1335 677 1490 754 solenne,
1518 681 1576 742 rui
1593 679 1694 758 bono,
1724 679 1822 746 toties
1840 681 1993 748 Ciceroni

449 788 574 852 Verum
592 806 633 849 an
654 782 762 848 lIvirie
781 783 831 865 jue
843 779 1022 846 -feriundae
1039 797 1189 846 monetae
1249 781 1281 842 in
1301 780 1514 862 similicauta
1536 779 1727 864 repetitum.
1757 782 1849 848 Sella
1871 787 1994 848 curulis

447 887 531 950 luit?
564 885 652 971 quud
675 883 715 947 ab
742 883 862 947 eodem
888 884 987 948 toties
1012 881 1111 948 tideo
1138 883 1195 946 ob-
1249 883 1335 944 intra
1354 881 1511 964 templum
1532 895 1623 944 notat
1639 882 1836 963 praetoriam
1855 899 1997 968 peterte-

447 989 503 1071 jiei
518 987 694 1053 Vaillantio
710 999 744 1050 et
760 985 891 1054 Vreino.
926 986 1107 1052 Enimvero
1127 985 1194 1048 lor-
1244 997 1334 1060 tem,
1360 1004 1423 1066 qua
1444 983 1573 1048 eumin
1593 981 1653 1046 bac
1678 1002 1774 1046 cauea
1786 984 1890 1049 inisse
1903 1007 1996 1070 prae-

447 1111 499 1152 ma
525 1089 642 1153 horum
666 1107 841 1151 numerum
868 1081 1084 1154 remotiorem
1104 1085 1191 1150 haud
1249 1083 1351 1146 ditum
1368 1083 1519 1148 diximus.

447 1189 546 1254 dubie
580 1203 718 1254 aetatem
748 1187 962 1271 flagitat,.et
987 1191 1107 1267 Ceres,
1138 1189 1192 1253 cui
1311 1182 1363 1248 Ad
1388 1184 1534 1269 ejusdem
1559 1183 1661 1248 Careii
1693 1184 1864 1250 historiam
1896 1191 1995 1274 perti·

447 1313 575 1356 eaerum
595 1291 713 1353 animal
740 1302 790 1352 eet
813 1290 889 1364 boe,
924 1291 1033 1352 multia
1057 1290 1129 1360 aliis
1149 1310 1191 1352 ex
1228 1302 1328 1352 ¹nent
1352 1309 1447 1364 urna,
1485 1285 1604 1350 tabella
1626 1287 1785 1369 inscripto
1812 1295 1852 1354 A.
1878 1290 1939 1373 9.,
1964 1305 1995 1354 et

447 1393 552 1455 caurio
573 1391 678 1474 potuit
702 1389 832 1474 signari.
875 1391 914 1456 L.
932 1391 1062 1453 ensst.
1090 1391 1191 1453 ΗΔΕ·

447 1495 576 1558 etant.
613 1491 761 1554 meminit
792 1491 890 1554 etiem
929 1511 1073 1590 marmor
1108 1491 1194 1553 Gru·

447 1593 511 1656 teri
526 1595 565 1676 ⁸).
609 1595 661 1655 De
686 1592 770 1654 miro
789 1591 822 1652 iu
839 1591 890 1653 hie
917 1591 1059 1654 denariis
1084 1593 1194 1676 alpha·

446 1693 516 1758 beti
538 1693 654 1757 ordine
675 1693 749 1758 ride
768 1713 864 1778 supra
885 1695 919 1756 in
937 1693 1189 1779 Prolegomeuie

447 1796 590 1880 raeti·
810 1879 829 1916 ῃ

913 1927 932 1964 .

449 2000 633 2080 Longinus.

591 2098 633 2192 Q.
654 2098 841 2165 CASSIVS.
898 2102 1005 2178 Caput
1034 2097 1193 2186 muliebre

592 2201 757 2276 velatum,
770 2201 874 2278 juxta
894 2200 1023 2266 VEST.

453 2301 620 2384 Templum
643 2301 839 2376 rotundum,
874 2301 968 2362 iutra
994 2298 1193 2381 quadrello

449 2403 591 2478 curulis,
607 2403 644 2464 in
660 2421 740 2463 areu
760 2401 839 2463 irinc
855 2421 957 2476 urna,
976 2403 1075 2462 illinc
1090 2401 1193 2462 tobei·

448 2505 502 2578 ie,
525 2504 582 2562 cui
599 2503 816 2581 inscriptum:
837 2501 876 2565 Δ.
892 2502 929 2564 C.
958 2503 1019 2562 Eat
1032 2502 1101 2562 AR.
1118 2501 1156 2565 C.

512 2601 662 2661 Eundem
676 2602 847 2663 denarium
857 2605 1007 2664 restituit
1024 2603 1194 2682 Traianus.

449 2701 638 2767 institut.
663 2775 664 2780 η

460 2839 464 2850 ·
499 2843 504 2854 ·
592 2799 634 2896 Q.
656 2799 845 2866 CASSIVS.
894 2801 1002 2883 Caput
1020 2802 1194 2880 muliebre,

448 2981 451 2988 Ι
586 2909 698 2986 juxtu-
718 2903 894 2969 LlBEllT.

449 3009 574 3072 Eodem
594 3025 721 3072 aversa.
743 3006 813 3065 AR.
837 3005 877 3065 R.

512 3109 659 3191 Insignee
686 3107 721 3167 hi
745 3105 871 3169 denarii
893 3105 958 3188 jam
988 3104 1192 3190 praeclaret

447 3209 526 3271 viria
546 3207 682 3270 eruditio
704 3219 779 3268 snut
798 3207 963 3290 explicati.
1003 3210 1106 3292 Caput
1128 3209 1193 3275 Ve-

447 3323 535 3385 ttae,
563 3308 698 3390 ejusque
723 3307 756 3366 in
779 3328 891 3372 aversa
916 3311 1076 3392 ternplum
1098 3329 1192 3376 reto·

1250 1401 1345 1472 caput
1357 1387 1532 1468 Libertatis
1546 1387 1673 1450 denarii
1686 1389 1862 1471 sequentia.
1887 1393 1995 1453 lanui-

1248 1503 1303 1552 tur
1326 1491 1375 1550 hie
1404 1491 1488 1573 typis
1513 1490 1568 1552 lex
1592 1488 1761 1552 tabellaria
1783 1488 1826 1552 de
1854 1489 1996 1572 judiciis,

1250 1611 1344 1676 quem
1360 1591 1388 1652 is
1405 1591 1439 1652 in
1456 1591 1620 1653 tribunatu
1636 1609 1695 1654 auo
1716 1591 1756 1656 V.
1772 1591 1810 1656 C.
1832 1593 1895 1673 ⁶¹7
1911 1593 1994 1670 tulit,

1248 1693 1294 1757 uti
1314 1691 1435 1774 pupulo
1451 1691 1484 1752 in
1506 1693 1656 1755 omnibus
1671 1691 1819 1774 judiciis,
1841 1691 1995 1776 perduel-

1187 1857 1190 1864 ,
1248 1794 1337 1856 lione
1360 1807 1497 1876 excepta
1524 1813 1588 1878 per
1619 1791 1773 1854 tabellam
1803 1793 1995 1878 suffragium

1250 1907 1354 1971 esset,
1389 1915 1450 1978 qua
1480 1893 1556 1976 lege
1586 1891 1819 1974 suffragiorum
1850 1896 1997 1956 LIBER-

1251 1999 1355 2056 'l'ATl
1379 1997 1549 2078 praeclare
1573 1993 1749 2060 contuluit.
1794 1995 1996 2060 Testimonie
2073 2061 2074 2068 ,

1250 2098 1345 2180 plura
1363 2097 1532 2162 Ciceronis
1550 2112 1674 2182 purtem
1693 2096 1753 2158 hac
1770 2096 1848 2180 lege
1866 2097 1997 2162 liberta·

1252 2213 1317 2260 tem
1331 2197 1548 2280 praedicantis
1565 2198 1701 2282 collegit
1719 2198 1938 2280 Spaubemiur
1954 2203 1993 2282 e).

1251 2298 1381 2362 literae
1399 2300 1438 2364 A.
1461 2301 1498 2365 C.
1519 2315 1593 2364 aaut
1611 2298 1780 2386 ἇςχιιωσαι
1800 2321 1921 2364 vocum
1937 2303 1997 2364 Ab·

1251 2401 1342 2463 solue
1374 2401 1560 2465 Condemo
1582 2402 1633 2466 his
1655 2401 1783 2466 tabellis
1809 2403 1996 2487 inscriptae,

1225 2498 1356 2564 ,adstat
1377 2523 1475 2580 urna,
1514 2503 1668 2568 Ciceroni
1693 2505 1823 2588 saepius
1847 2503 1935 2569 dicta
1960 2506 1998 2566 ei-

1251 2599 1348 2677 tella,
1381 2603 1423 2664 ad
1448 2623 1503 2667 eae
1528 2605 1739 2689 excipiendae
1761 2617 1885 2688 parata.
1935 2608 1998 2668 La·

1253 2700 1311 2764 bet
1329 2703 1533 2768 tabellarium
1558 2707 1645 2768 iatud
1665 2706 1863 2770 beneficium
1895 2708 1998 2790 petito

1254 2825 1271 2866 a
1289 2803 1423 2869 Graecia
1445 2807 1597 2890 exemplo
1613 2808 1791 2871 illustrare.
1824 2807 1902 2902 Quo
1918 2825 1997 2872 tem·
2074 2795 2075 2848 7

1253 2926 1335 2988 pore
1359 2907 1578 2972 Athenienses
1604 2910 1696 2992 gravi
1717 2908 1821 2973 XXX.
1848 2924 1997 2994 tyranno-

1252 3029 1325 3068 rum
1363 3009 1442 3092 jugo
1472 3010 1723 3094 premebantur,
1758 3011 1793 3072 bi
1823 3011 1858 3072 in
1885 3025 1996 3074 tenete

1251 3107 1409 3172 sedebant
1429 3111 1464 3174 iu
1485 3111 1668 3187 uubeelliir,
1696 3111 1801 3197 inquit
1817 3113 1933 3194 Lysiae
1952 3113 1995 3194 fl,

1250 3209 1283 3268 in
1305 3209 1422 3294 quibus
1444 3231 1529 3277 nunc
1546 3213 1719 3277 consident
1737 3227 1902 3296 prytanea.
1933 3216 1998 3276 An·

1249 3321 1282 3370 te
1313 3331 1371 3372 eoa
1400 3313 1525 3396 poeitae
1561 3315 1687 3378 etabaut
1722 3335 1854 3380 menuae
1892 3315 1996 3393 dure,

448 3420 522 3472 caut
543 3405 733 3468 memorium
756 3407 794 3466 L.
814 3408 916 3470 Cassii
936 3411 1100 3494 Longini,
1136 3409 1193 3496 qui
1249 3410 1393 3474 calculos
1432 3435 1513 3480 vero
1550 3435 1616 3478 nou
1657 3415 1792 3493 licebat,
1827 3429 1864 3478 ut
1904 3433 1997 3496 ente,

449 3509 552 3578 V.·C.
572 3509 631 3584 bit
660 3510 832 3590 rogatione
849 3507 1013 3574 Peduceia
1040 3513 1195 3574 conutitu-
1253 3512 1383 3576 mittere
1407 3515 1439 3575 in
1462 3515 1620 3594 sitellam,
1652 3515 1712 3580 aed
1745 3517 1920 3601 oportebat
1946 3542 1999 3606 pa·

449 3625 501 3676 tur
520 3609 687 3696 quaesitor
709 3609 872 3691 praetoria
893 3625 1054 3695 potestate
1074 3612 1195 3682 deVe·
1252 3609 1315 3675 lam
1347 3614 1381 3676 in
1411 3617 1532 3680 mentia
1562 3616 1749 3702 deponere,
1782 3633 1816 3684 et
1844 3619 1997 3686 condem·

449 3713 577 3810 ntaliuru
603 3711 725 3794 etuprir
753 3711 911 3777 Liciniam
937 3734 975 3776 ac
1000 3713 1194 3777 Murciama
1252 3729 1383 3779 nentem
1415 3717 1547 3802 quidem
1578 3719 1611 3782 in
1649 3719 1855 3806 posteriore,
1895 3725 1998 3788 absol·

449 3817 490 3880 L.
507 3810 710 3876 Metello'P.
727 3815 772 3876 Μ.
798 3812 960 3878 abaolutae
985 3815 1017 3876 in
1037 3813 1193 3896 judicium
1251 3835 1382 3881 ventem
1405 3817 1590 3904 inpriore.
1632 3823 1725 3884 llaec
1754 3837 1869 3888 auctor
1891 3825 2000 3890 tanda-

448 3915 616 3983 revocarit
635 3913 880 3998 damnavitque,
911 3929 947 3978 ut
970 3936 1012 3978 ex
1031 3917 1193 3994 Asconio,
1252 3930 1313 3981 tue.
1363 3919 1542 3986 Enimvero
1574 3923 1608 3984 in
1638 3925 1727 3984 omni
1755 3923 1887 4007 ciuitate
1920 3951 1998 3994 tere

448 4019 586 4102 aliisque
630 4014 730 4079 docet
772 4005 908 4102 Pighiua
932 4015 994 4100 1’).ι
1028 4007 1105 4080 Fuit
1140 4018 1193 4082 laic
1252 4019 1356 4083 libera
1385 4019 1538 4107 suffragia
1570 4023 1653 4087 clam
1687 4025 1771 4089 ferri
1798 4018 1875 4092 ¹eum
1904 4031 1999 4094 uolita

450 4120 578 4184 Caesius
594 4105 776 4184 reieriutia
789 4119 915 4203 insigne
935 4119 1119 4203 exemplar,
1146 4119 1193 4184 aie
1251 4119 1320 4184 aive
1338 4137 1426 4184 metu
1444 4125 1625 4205 potentium
1647 4149 1801 4207 reorum,
1829 4129 1900 4196 rire
1918 4129 2001 4215 judi·

448 4233 486 4286 ut
501 4241 633 4283 reorum
651 4221 807 4305 scopulus
831 4219 932 4306 vulgo
949 4234 1128 4316 ,vocaretur
1144 4223 1192 4304 ⁰),
1250 4243 1325 4286 cum
1363 4219 1509 4308 partibus
1542 4225 1731 4298 latentium.
1785 4231 1896 4328 Quem
1932 4257 2001 4300 mo·

342 4331 345 4338 '
447 4343 512 4408 quo
530 4317 628 4386 modo
644 4322 822 4406 Pompeius
837 4325 881 4386 M.
899 4321 984 4406 apud
1000 4321 1192 4416 Retrouium
1249 4345 1320 4388 rem
1337 4325 1533 4394 collaudavit
1549 4349 1680 4416 quoqne
1693 4334 1938 4402 Demosthene·
1954 4343 1999 4422 t):

450 4425 569 4488 dicitur
589 4427 780 4504 piratarum
803 4424 957 4508 scopulus
978 4423 1022 4506 ΡΙ).
1071 4425 1192 4487 Notum
1249 4425 1335 4488 itta
1349 4451 1398 4488 aur
1415 4449 1490 4498 rure
1501 4453 1550 4491 aar
1564 4453 1682 4499 παντωι
1696 4433 1792 4518 ieri-rr
1806 4435 1821 4501 ὁ
1835 4441 1938 4515 wilere
1951 4463 1999 4502 rer

453 4561 1994 4602 --·---·——·---—··-—---—----.-....

484 4647 516 4716 u)
537 4643 569 4700 P
580 4646 644 4708 864
659 4663 688 4702 n.
703 4657 747 4704 tt.
819 4645 854 4718 b)
873 4645 1011 4706 Anum.
1028 4659 1211 4725 p.109.eeq.
1286 4651 1316 4722 c)
1336 4649 1458 4728 Pighius
1474 4651 1529 4714 l.c.
1543 4674 1575 4732 p.
1589 4665 1630 4720 td·
1706 4661 2000 4738 d)suyria.r.1r³.

445 4743 608 4806 rerou259.
682 4735 714 4804 e)
734 4731 813 4792 ult.
827 4752 857 4812 p.
871 4742 931 4810 198·
1005 4733 1034 4808 i)
1056 4735 1315 4814 Oretindgorat.
1391 4741 1423 4818 g)
1443 4739 1665 4826 desalulegrt.
1679 4753 1844 4828 nescii.
