4180 5484
394 564 466 642 250
1070 545 1267 624 uveni.
1397 533 1402 552 '

396 731 552 790 hactenus
584 725 724 808 ignotos.
770 723 806 782 ln
839 718 1064 805 praesentibus
1099 720 1136 782 C.
1197 716 1286 780 numi
1304 715 1338 780 in
1356 713 1513 799 gymnasii
1532 714 1582 778 sui
1600 736 1692 778 usum
1711 715 1751 778 ad
1774 738 1850 781 eum
1868 720 1944 786 iere

396 827 546 888 Mitreius
567 837 699 888 vocatur
719 827 876 904 iringister
889 825 1088 903 juventutis,
1111 819 1139 884 si
1192 819 1345 895 modum,
1378 837 1443 902 quo
1471 830 1580 880 certos
1608 817 1766 902 quosdam
1791 823 1945 886 numulos

394 930 654 1010 Havercampurn
690 925 814 1000 audias,
857 924 934 988 Caio
967 935 1001 985 et
1032 919 1137 983 Lucio
1196 920 1359 1003 Ephesios
1389 919 1450 980 arti
1477 919 1758 1001 pharmaceutieae
1787 925 1943 988 serviisse

394 1031 557 1112 regendis·
572 1028 709 1092 additus.
745 1029 855 1094 Vnum
883 1025 932 1086 illi
959 1022 1044 1086 istud
1071 1022 1138 1106 opi·
1196 1021 1230 1082 in
1250 1020 1374 1104 Ephesi
1399 1033 1529 1084 moneta
1555 1019 1704 1085 diximus.
1746 1022 1868 1086 Similis
1894 1047 1945 1087 ar·

395 1130 493 1192 nandi
512 1143 755 1214 argumentum,
784 1129 872 1212 quod
893 1126 1017 1190 antiese
1041 1137 1138 1208 capnt
1197 1123 1343 1206 gementi
1365 1143 1496 1199 numos,
1519 1121 1578 1186 sed
1602 1123 1773 1205 plumbeos
1796 1119 1945 1188 dabimus

394 1233 575 1316 Agrippam
608 1230 776 1314 utriusque
813 1242 940 1310 patrem
972 1225 1136 1290 exhibeat.
1192 1226 1226 1284 in
1252 1237 1384 1288 tractatu
1408 1223 1450 1286 tle
1472 1222 1739 1306 pseudomuneta
1775 1227 1943 1307 HujnsC.

396 1332 463 1395 Sed
492 1332 579 1394 enim
607 1344 641 1393 et
666 1330 751 1390 istud
773 1349 947 1414 perperam
969 1325 1135 1400 statuitur,
1193 1321 1318 1386 Mincii
1336 1325 1425 1388 nulla
1445 1325 1531 1408 aputl
1551 1339 1680 1390 veteres
1704 1329 1836 1390 mentio.
1861 1329 1945 1394 Ver·

393 1447 426 1495 et
456 1445 505 1494 est
534 1431 641 1514 potius
671 1430 771 1512 ipsius
802 1431 837 1494 C.
861 1428 1002 1502 blitreii,
1044 1427 1135 1510 cujus
1192 1425 1277 1486 rium
1299 1425 1455 1490 Flaccum
1481 1411 1549 1488 Caii
1574 1441 1607 1492 ct
1633 1428 1729 1491 Lucii
1753 1443 1945 1512 praecepto·

392 1531 576 1596 adstituitnr
603 1529 802 1616 epigraphe,
833 1529 1072 1612 servierintqpe
1103 1527 1138 1588 hi
1192 1547 1264 1592 rem
1283 1526 1404 1592 iudicat
1425 1528 1601 1592 Suetonius
1624 1530 1736 1612 ¹).

908 1895 914 1903 .
1039 1829 1294 1902 MVCIA.

457 2031 545 2094 Gens
562 2027 701 2115 plebeia.
725 2029 915 2112 cognomen
935 2031 1073 2094 Cordus.
1193 2025 1275 2104 sede
1299 2039 1332 2089 et
1354 2025 1479 2100 alibi'
1454 2047 1500 2102 sse
1522 2026 1570 2108 οε)
1603 2024 1672 2090 isra
1692 2025 1885 2109 Μαρκελλος
1904 2053 1941 2097 το

859 2177 878 2215 p
1194 2129 1355 2208 Ουιρτετις
1380 2150 1415 2188 rs
1443 2151 1492 2188 xus
1515 2127 1632 2208 Ονωρις
1650 2147 1942 2217 neccurpeesuoprssos

531 2179 705 2298 llthlhl.
751 2233 872 2315 Capito
905 2233 970 2294 duo
994 2232 1137 2318 jugato,
1193 2227 1386 2294 aedificarit.
1425 2228 1558 2294 Alteras
1585 2231 1705 2294 deiude
1733 2234 1862 2318 utrique
1890 2255 1944 2297 ae·

447 2327 448 2330 '
528 2335 674 2410 juvenile
696 2334 900 2409 laurentum,
929 2333 1030 2409 juxta
1051 2333 1139 2412 quod
1194 2330 1253 2394 tles
1290 2332 1327 2396 C.
1352 2329 1473 2394 Marios
1507 2331 1679 2410 excitarit,
1723 2334 1814 2416 eujus
1850 2336 1943 2398 testis

534 2433 623 2512 ΗΟ.,
639 2448 672 2498 et
684 2433 831 2514 Juvensle
841 2433 1137 2517 galeatum,1u:sttt
1193 2447 1287 2500 vetus
1324 2432 1405 2518 lapis
1440 2433 1553 2498 citatus
1584 2457 1602 2496 a
1633 2433 1776 2498 Grutero
1799 2435 1844 2516 ί),
1887 2435 1943 2519 qui

536 2535 624 2614 quoi
642 2535 759 2604 VIRT.
1192 2536 1279 2598 inter
1306 2534 1367 2596 alia
1395 2535 1476 2600 haec
1504 2535 1544 2596 de
1571 2535 1676 2596 Mario
1703 2533 1830 2617 prodita
1867 2537 1940 2600 DE.

392 2636 541 2700 count.
571 2635 715 2716 Mulier,
733 2635 957 2714 juxtnkqunm
978 2637 1137 2716 scriptum
1193 2636 1724 2703 MANVB1E18.ctnutttcE1s.
1746 2638 1816 2701 ΕΤ.
1837 2637 1942 2704 TEV·

392 2737 525 2820 Haila,
555 2748 649 2798 siuns
673 2747 707 2795 ot
729 2756 758 2797 s.
781 2737 998 2814 cornucopiam
1023 2745 1139 2796 torrens
1193 2734 1412 2802 TONICEIS.
1447 2737 1616 2802 AEDEM.
1649 2735 1836 2814 HONORI.
1870 2739 1942 2801 ΕΤ.

391 2841 563 2900 decenum
573 2835 688 2916 jungit
701 2855 774 2898 curn
788 2835 928 2898 muliere
941 2835 1023 2911 ulia,
1035 2830 1141 2926 juxto
1196 2837 1392 2918 vntum
1437 2839 1614 2916 VICTOR.
1658 2838 1800 2904 FECIT.
1860 2840 1942 2922 Ejus

393 2959 492 3019 quum
509 2941 669 3021 scriptum
687 2935 779 3012 ΒΟ..
802 2959 828 3002 s.
847 2947 1009 3020 sceptrum
1029 2947 1140 2998 tenen·
1196 2958 1263 3002 nou
1294 2937 1394 3002 modo
1425 2937 1510 3000 binis
1542 2938 1639 3017 locis,
1655 2939 1803 3003 meminit
1831 2942 1944 3012 Vitru-

395 3053 444 3117 te,
466 3051 500 3102 et
514 3039 544 3102 d.
556 3039 640 3119 pede
650 3039 749 3121 globo
766 3041 950 3102 insistente·
970 3039 1055 3106 Sunt
1071 3057 1139 3103 ser·
1196 3039 1268 3107 rius
1289 3040 1336 3122 ε).
1359 3041 1405 3103 ud
1420 3041 1583 3104 Mariano
1604 3039 1751 3104 Honoris
1770 3053 1804 3103 et
1827 3045 1943 3126 Virrio

396 3140 644 3224 rsti,iique1l.
1197 3146 1260 3221 tis,
1297 3140 1408 3228 idem
1442 3143 1539 3204 cedes
1564 3140 1710 3204 Honoris
1737 3153 1770 3202 et
1796 3143 1946 3208 Virtutis

456 3239 584 3304 Prodiit
599 3239 661 3322 jam
679 3238 732 3304 hie
749 3237 900 3304 denarius
915 3241 948 3320 in
964 3255 1060 3324 gente
1077 3243 1140 3306 Fu·
1198 3245 1380 3306 Marianae
1399 3241 1519 3317 cellae,
1538 3239 1710 3306 sedetiam
1728 3243 1943 3308 architectum

396 3346 454 3418 lia,
484 3363 525 3404 ex
547 3362 609 3424 qua
631 3341 692 3402 luit
713 3339 871 3418 llalenus,
902 3362 967 3425 quo
990 3342 1065 3404 loco
1086 3345 1140 3404 arl-
1196 3341 1350 3426 perbibet
1366 3341 1578 3416 c.tt1aetnm‚
1605 3341 1755 3423 ingentes
1774 3345 1807 3406 ei
1825 3347 1866 3409 ab
1883 3350 1944 3414 hac

397 3443 500 3521 verti,
533 3463 599 3506 non
629 3444 704 3504 satis
734 3455 905 3522 constare,
938 3443 1010 3527 quis
1039 3443 1141 3514 fucrit
1197 3439 1331 3505 scientia
1352 3439 1464 3504 landes
1486 3440 1668 3510 admensus.
1713 3445 1944 3533 Triumphauit

398 3560 534 3629 uterque
558 3543 651 3626 hujus
679 3542 804 3606 denarii
830 3555 952 3608 auctor.
994 3545 1046 3606 De
1074 3545 1140 3607 Ho-
1196 3542 1319 3606 Marius
1342 3541 1383 3606 dc
1406 3541 1545 3605 Cimbris
1566 3545 1607 3612 V.
1632 3547 1669 3610 C.
1692 3545 1773 3626 653,
1807 3571 1845 3614 aa
1875 3564 1944 3614 tum

397 3669 476 3710 nore
498 3659 532 3709 et
555 3647 706 3721 Virtute,
739 3663 877 3728 quorum
904 3645 938 3704 in
964 3645 1069 3710 antica
1090 3665 1141 3708 ca·
1198 3659 1308 3708 erecta
1324 3645 1453 3726 utrique
1474 3643 1572 3729 genio
1589 3645 1704 3722 aedos,
1728 3661 1762 3710 et
1779 3669 1844 3712 non
1863 3653 1945 3714 mul·

399 3749 463 3833 pita
484 3758 726 3832 proponuntur,
753 3744 1026 3808 hinc.distinctius
1047 3767 1143 3829 agen·
1200 3759 1234 3808 to
1257 3759 1331 3830 post
1353 3767 1370 3809 a
1393 3747 1542 3831 quopiam
1561 3745 1670 3809 Cordo
1690 3749 1796 3832 gentis
1812 3755 1943 3818 Muciae

400 3850 495 3926 dum,
528 3850 678 3934 quoniam
701 3845 808 3910 Mucia
835 3867 917 3928 gens
939 3845 980 3908 de
1002 3861 1142 3930 utroque
1201 3847 1254 3910 hic
1277 3848 1419 3932 signatus
1441 3849 1615 3926 docunius,
1648 3849 1823 3932 propositis
1844 3857 1878 3914 in
1902 3875 1945 3918 eo

400 3955 531 4016 numine
560 3949 729 4034 praeclare
758 3961 807 4010 est
836 3947 960 4012 merita.
999 3949 1143 4010 Honoris
1201 3950 1345 4012 Honoris
1368 3950 1569 4033 virtutisque
1594 3949 1769 4030 capitibus,
1796 3955 1884 4038 qnod
1908 3958 1945 4020 C.

400 4068 435 4119 ct
456 4047 593 4123 Virtutis
616 4063 709 4114 retus
736 4049 769 4110 in
797 4049 877 4112 urbe
903 4049 1039 4134 religio,
1069 4070 1143 4112 cnm
1201 4051 1328 4114 Mucius
1350 4051 1382 4112 in
1405 4051 1572 4130 etstpenda
1596 4071 1709 4118 eorum
1732 4051 1814 4117 aede
1844 4057 1949 4121 scien·

402 4155 578 4220 Marcellus
613 4151 646 4212 iu
682 4149 772 4214 bello
803 4149 930 4216 Gallico
960 4152 1001 4218 ad
1032 4153 1145 4216 Clasti·
1202 4153 1279 4220 tiam
1302 4175 1390 4220 suam
1413 4167 1498 4220 tanta
1521 4171 1595 4218 curn
1624 4154 1728 4239 gloria
1756 4159 1948 4240 comproba·

403 4258 489 4320 diurn
513 4255 642 4339 utrique
664 4253 779 4318 aedem
803 4255 960 4331 vovisset,
982 4255 1145 4318 aedificar-
1203 4255 1259 4320 rit.
1303 4255 1397 4332 Dixi,
1430 4277 1493 4318 non
1523 4257 1625 4319 multo
1651 4269 1743 4340 post,
1773 4279 1848 4322 nam
1874 4281 1948 4323 cum

400 4375 536 4442 satque,
565 4371 600 4420 ut
621 4369 757 4420 testatur
778 4357 891 4422 Livius
911 4355 963 4437 ¹³).
987 4355 1060 4422 vat.
1080 4359 1147 4420 Ma·
1203 4357 1329 4420 denarii
1352 4357 1386 4418 bi
1407 4357 1522 4420 serrati
1545 4357 1626 4432 sint,
1658 4378 1736 4428 non,
1751 4375 1889 4443 possunt
1916 4365 1949 4426 ia

405 4463 509 4526 ximus
536 4461 584 4544 c),
622 4473 656 4523 et
692 4458 885 4522 Plutarchus
908 4449 959 4540 d),
1004 4458 1045 4522 tle
1086 4480 1146 4542 qus
1205 4462 1306 4523 multo
1350 4459 1532 4523 recentiora
1576 4471 1724 4540 tempora
1773 4459 1947 4530 dimoveri.

441 4685 472 4758 a)
492 4685 536 4740 De
552 4663 656 4742 illustr.
673 4702 793 4758 gramm.
811 4695 890 4744 ott.
980 4681 1015 4756 b)
1036 4681 1193 4746 nxxvlt
1214 4697 1292 4748 c.25.
1385 4686 1627 4757 albione.
1718 4689 1753 4758 d)
1773 4687 1803 4745 in
1821 4691 1950 4750 hlareell.

405 4795 482 4858 pm.
496 4783 557 4841 514.
651 4771 1101 4848 cJelcl'ort.licnt.p.tu.318.
1193 4773 1419 4851 opimant.
1512 4775 1780 4852 g)L.lll.etv11.
