4180 5484
425 594 498 666 tto
1044 571 1357 654 GORNELIA.

427 747 524 812 stiam
537 763 584 807 'ex
603 742 704 806 fratrs
721 761 826 825 napos
850 740 957 814 claras
981 744 1171 822 memorias,
1227 742 1343 808 risum.
1373 741 1413 802 lo
1430 721 1618 804 delinisndo
1639 761 1774 808 aversas
1794 742 1891 826 signo
1907 763 1976 806 Βια-

425 847 483 931 qui
517 846 558 908 ds
591 843 791 911 Garamantis
833 831 927 908 victis
962 845 1172 934 triumpharit
1229 844 1282 906 dio
1301 843 1435 927 ejusque
1454 839 1643 902 attributis·
1634 856 1720 904 inter
1741 843 1890 907 eruditos
1909 865 1976 907 nost

425 950 467 1016 V.
487 948 525 1011 C.
541 947 623 1063 ¹735.-
652 947 737 1014 Vide
759 966 875 1008 numos
897 946 1044 1014 Gadium.
1076 947 1172 1010 Balbi
1228 945 1305 1008 satis
1324 943 1493 1019 convenit,
1519 963 1593 1006 oum
1615 956 1723 1008 tamen
1747 961 1878 1010 certum
1894 929 1976 1010 Bao·

426 1049 566 1115 sanioris
595 1049 693 1116 vitam
727 1047 897 1131 eleganter
931 1050 1060 1133 scripsit
1088 1050 1172 1116 Nau·
1227 1045 1325 1110 cltum
1351 1033 1470 1110 saciant
1493 1045 1622 1128 thyrsus
1645 1059 1680 1107 et
1704 1048 1860 1130 sagittae,
1894 1039 1977 1132 quas

427 1173 507 1220 zeus
532 1154 572 1234 ι.)
1228 1147 1423 1209 cinnamomi
1446 1147 1528 1210 andr
1544 1147 1696 1210 fruticem
1716 1149 1904 1214 inconsulte
1924 1151 1978 1214 ad·

569 1249 1088 1317 c.causa1t.111t⁷tlt.1t.1³.c.
1115 1253 1174 1316 Cu·
1230 1248 1362 1312 modum
1391 1248 1473 1310 dixit
1496 1249 1701 1315 Vaillantius.
1737 1251 1905 1316 Bacchum
1930 1275 1979 1316 aa·

568 1367 629 1434 put
650 1355 830 1413 Octaviani
849 1354 982 1416 nudum.
1232 1352 1320 1436 gittis
1350 1363 1506 1414 armatum
1537 1371 1602 1414 non
1633 1351 1732 1414 modo
1759 1353 1978 1437 comprobant

430 1453 614 1519 BALBVS.
631 1450 734 1514 Ptto.
751 1453 820 1516 PB.
847 1453 959 1514 Clara.
982 1453 1052 1518 att.
1069 1454 1111 1517 B.
1231 1455 1321 1516 nomi
1341 1457 1516 1517 Maroneae
1534 1453 1708 1530 Thracias,
1734 1453 1793 1518 sed
1816 1467 1851 1518 at
1871 1457 1979 1520 Pallas

491 1555 542 1618 ad
556 1555 693 1616 Balbum
710 1553 874 1615 seniorem
892 1553 1035 1636 pertinet
1050 1552 1103 1616 hic
1121 1527 1177 1618 do·
1232 1555 1285 1618 his
1311 1557 1419 1622 verbis
1442 1577 1518 1618 aum
1542 1554 1582 1619 ad
1607 1557 1736 1620 fortiter
1757 1557 1978 1622 dimicandum

430 1657 558 1733 narius,
589 1676 687 1738 quem
715 1675 775 1738 pro
804 1667 957 1737 praetura
986 1655 1119 1718 missum
1141 1657 1176 1718 in
1233 1661 1401 1722 cohortata
1422 1654 1474 1739 ι’)ι

357 1773 358 1776 ’
429 1759 647 1846 provinciam,
678 1758 839 1820 incertum
868 1779 980 1842 quam,
1011 1759 1097 1824 circa
1123 1781 1177 1822 an·

430 1885 508 1928 num
532 1863 573 1928 V.
595 1861 632 1924 C.
652 1859 714 1941 713
745 1860 842 1922 docet
868 1881 1003 1934 numus,
1030 1861 1177 1924 consula·

431 1979 500 2028 tom
535 1983 619 2026 anno
650 1975 808 2044 sequente
842 1962 1014 2027 aditurum.
1058 1965 1173 2045 Neque
1205 1979 1221 2003 ·

432 2068 538 2142 numia
556 2065 622 2128 suis
639 2076 729 2126 caret
745 2063 871 2144 junior,
889 2061 948 2124 sed
966 2062 1052 2146 apud
1067 2064 1175 2127 Gades

365 2225 368 2231 .
434 2168 584 2253 signatis,
605 2187 683 2248 quas
701 2163 788 2232 vide.
813 2165 910 2226 Clara
926 2163 1027 2246 partis
1042 2183 1176 2229 aversas

432 2269 520 2338 haud
545 2267 643 2332 dubia
666 2265 792 2328 adludit
815 2265 855 2329 ad
878 2265 1066 2339 Herculem¹
1082 2263 1178 2330 Gadi·
1297 2269 1301 2274 '

434 2387 542 2437 tanum
561 2371 645 2433 lama
661 2369 829 2452 inclytum.
1235 2369 1420 2430 Coronatur
1442 2389 1460 2430 a
1484 2366 1618 2430 Pallade
1642 2367 1685 2428 ob
1703 2367 1842 2432 relatam
1867 2369 1910 2432 de
1930 2371 1982 2431 Ti-

699 2516 719 2551 ,
802 2469 823 2505 *
907 2515 926 2554 g
1236 2470 1362 2532 tanibus
1386 2469 1575 2545 victoriam,
1606 2481 1641 2530 at
1664 2467 1746 2529 balli
1772 2469 1912 2552 gloriata
1942 2471 1981 2533 ad

435 2577 570 2648 Blasio,
595 2591 674 2653 gens
692 2570 839 2652 patricia.
1235 2571 1324 2654 ipsos
1337 2569 1424 2631 orbis
1441 2571 1598 2632 terminos
1610 2585 1831 2653 propagatam.
1850 2572 1981 2636 Vtrum·

577 2673 645 2762 (.JN.
660 2670 833 2735 BLa510.
852 2671 919 2735 CN.
937 2671 977 2735 F.
1002 2671 1119 2751 Caput,
1142 2681 1180 2733 ut
1237 2693 1301 2756 qua
1320 2691 1440 2734 nomen
1462 2671 1525 2734 hoo
1546 2671 1635 2734 oultu
1655 2675 1724 2736 sire
1743 2675 1887 2750 Boutae,
1914 2675 1982 2738 sira

1296 1855 1352 1936 Πη
1375 1860 1465 1922 osBrs
1485 1857 1602 1943 ἄλκιμα
1623 1861 1722 1942 Bagou
1745 1885 1795 1923 aas
1819 1868 1980 1946 manso·

1729 1985 1781 2038 τις
1794 1969 1885 2040 οῖς-οι.

1299 2061 1365 2128 Vas·
1389 2066 1441 2126 tui
1462 2065 1569 2128 validi
1588 2063 1715 2148 thyrsi,
1742 2081 1774 2128 et
1797 2071 1909 2132 su‘tsae
1929 2091 1981 2132 so·

1729 2169 1853 2246 gitta«.

575 2777 725 2850 videtur,
753 2767 887 2835 Mortis'
906 2771 1049 2835 imberba
1068 2773 1182 2853 galaa-
1236 2773 1270 2833 in
1296 2771 1433 2834 Graecia
1463 2771 1595 2856 publica
1628 2773 1729 2836 luisse
1759 2777 1984 2858 propositum,

577 2891 663 2952 tum,
682 2895 820 2958 superne
834 2872 879 2950 X,
896 2865 1105 2956 postestates,
1128 2894 1181 2936 oa·
1235 2875 1344 2958 arguit
1370 2894 1454 2955 onyx
1482 2875 1588 2936 musei
1611 2876 1763 2938 Caesarei
1789 2889 1860 2938 arta
1888 2875 1981 2938 mi1·a·

578 2981 701 3042 ducam
719 2989 781 3040 eta.

437 3081 592 3152 Bacchus
614 3083 773 3145 adversus
793 3079 903 3144 nudus
922 3091 1018 3142 stans
1038 3077 1069 3140 d.
1092 3077 1185 3159 thyr-
1240 3078 1439 3141 simillimum
1461 3077 1573 3160 thyrso
1602 3090 1636 3140 et
1663 3079 1787 3163 sagittis
1808 3095 1982 3156 armatum,

437 3207 526 3260 sum,
565 3207 592 3246 s.
617 3182 799 3264 strophium
826 3195 862 3244 et
881 3186 1014 3267 fuscam
1042 3183 1184 3260 sagitta·
1238 3179 1329 3244 atala
1345 3179 1637 3242 adstautaPallads
1653 3196 1854 3258 coronatum,
1873 3205 1980 3267 qusn-

439 3304 529 3357 rum‚
549 3301 645 3362 quem
662 3285 798 3344 adstans
818 3285 865 3346 od
877 3285 1051 3346 sinistram
1068 3281 1185 3344 Pallas
1241 3303 1304 3366 qua
1319 3281 1396 3344 alibi
1412 3281 1576 3364 copiosius
1590 3283 1733 3365 explioui
1749 3285 1792 3364 ο).
1814 3281 1910 3376 Quas
1923 3287 1984 3348 siut

439 3395 596 3454 ooronot;
623 3385 669 3444 ad
689 3385 860 3444 dexteram
879 3395 951 3446 stat
972 3383 1092 3444 mulier
1113 3383 1184 3442 alia
1240 3383 1388 3445 mulieris
1406 3384 1522 3452 tartiaa
1539 3384 1573 3448 in
1590 3385 1657 3448 hoo
1674 3384 1846 3451 ooawrtio
1863 3401 1985 3470 partes,
2075 3461 2076 3466 η

439 3488 471 3555 d.
488 3485 618 3548 hostum
634 3503 754 3566 puram
771 3495 901 3560 tenens.
921 3486 957 3548 in
974 3503 1054 3546 areu
1071 3501 1186 3546 ramus
1240 3483 1368 3574 ignoro.

432 3577 500 3671 ,pal
499 3605 589 3663 mac,
613 3589 706 3668 spica
732 3597 795 3646 etc.
821 3585 1012 3648 velliterno
1036 3583 1184 3647 Graecae

1236 2976 1296 3038 bili
1326 2974 1540 3056 exscalptas,·
1566 2977 1621 3060 qui
1646 2977 1786 3040 axhtbsr
1814 2977 1980 3040 Bacchum

441 3692 486 3755 A.
508 3685 550 3750 Θ.
571 3683 618 3751 ss.
635 3683 676 3752 T.
699 3679 747 3752 tl).
774 3689 811 3750 in
836 3689 903 3750 imo
925 3685 1068 3750 Roas.
1111 3686 1184 3756 AV.

443 3773 498 3873 (Β
511 3789 550 3852 Β.
567 3787 1017 3876 Βιιιιιιρ.363.)ΒΒιιΒ.
1040 3789 1111 3851 ΑΒ.
1126 3788 1163 3852 e.

505 3895 543 3954 ln
559 3891 684 3956 aeneis:
711 3893 746 3954 C.
761 3889 883 3952 Boas,
900 3923 942 3938 ·—
958 3891 996 3953 P.
1010 3890 1132 3954 BLAS.
1143 3923 1187 3942 -

444 3997 511 4060 CN.
530 3991 702 4056 Bnasto.
721 3993 788 4057 CN.
806 3992 844 4052 F.
865 4025 908 4040 -
928 3989 1100 4056 BLasto.
1119 3991 1185 4056 CN.

443 4101 481 4164 F.
499 4099 566 4164 ctt.
584 4099 641 4174 N.,
664 4109 802 4180 suntque
818 4095 860 4158 tt.

1245 3687 1409 3770 Cethegus
1424 3647 1529 3768 gantis
1548 3689 1714 3772 patricias.

1383 3789 1454 3851 EX.
1465 3791 1545 3856 S.C.
1570 3793 1678 3875 Caput
1692 3791 1986 3856 mutassemus·
2074 3849 2075 3860 .

1381 3892 1482 3972 galea
1503 3913 1642 3974 superna
1677 3897 1714 3955 in
1736 3895 1862 3980 gryphi
1890 3909 1987 3978 caput

1384 4007 1538 4070 exeunte,
1556 3995 1659 4073 iuxta
1677 3994 1719 4060 X.

1243 4091 1493 4160 CETHEGVS.
1517 4097 1579 4158 Vir
1593 4099 1704 4160 nudus
1719 4107 1827 4160 tectus
1835 4098 1939 4180 galea
1952 4103 1986 4162 t'n

506 4200 682 4278 Divinare,
721 4199 762 4262 ad
794 4217 875 4282 quos
903 4195 1073 4259 Blasionss
1103 4193 1186 4260 rarii
1237 4196 1322 4278 petes·
1331 4195 1470 4278 Phrygii
1479 4199 1611 4262 modum
1612 4201 1771 4284 formato
1780 4203 1887 4264 citato
1897 4202 1987 4264 hiras
2073 4235 2074 4252 ι

397 4395 400 4402 .
444 4309 480 4370 hi
503 4304 593 4368 nomi
617 4303 820 4388 pertineant.
853 4299 1076 4382 conjectorum
1103 4317 1184 4380 opos

442 4423 533 4484 asto,
558 4404 674 4488 quibus
700 4404 775 4466 huic
799 4423 971 4466 numurunt
992 4401 1088 4466 classi
1109 4401 1186 4466 inde

446 4535 464 4573 a
485 4506 647 4593 principio
675 4505 858 4569 liberaliter
878 4525 1009 4591 semper
1028 4503 1091 4568 luit
1113 4523 1188 4588 pro·

1241 4308 1355 4360 vectus
1377 4297 1410 4362 d.
1429 4316 1574 4376 ramum,
1594 4301 1687 4382 infra
1706 4301 1854 4378 ROMA,
1876 4305 1987 4364 omnia

1244 4390 1337 4465 iat‘ru
1353 4417 1509 4461 coronam
1524 4397 1747 4466 hederocsam.
1769 4403 1841 4468 AB.
1855 4403 1986 4466 tttttttt

1306 4499 1502 4563 Rarissimns
1527 4501 1579 4565 ltio
1603 4501 1755 4566 denarius
1781 4504 1822 4566 ab
1847 4525 1914 4567 uns
1937 4527 1988 4568 au·

444 4615 1982 4665 ......-...m

484 4737 514 4807 ι)
533 4732 608 4790 aa.
622 4728 792 4792 rosanus
810 4734 911 4806 aasz.

445 4843 524 4922 grat.
539 4825 624 4902 p-lfi·

1009 4730 1046 4806 b)
1064 4727 1188 4789 Nouanus
1202 4723 1324 4798 Dionys.
1340 4721 1372 4782 t.
1383 4721 1513 4792 ma.
1523 4735 1584 4800 ²59·

1665 4695 1709 4800 a)
1730 4725 1834 4788 casu.
1850 4727 1888 4785 ta
1902 4729 1986 4806 pta-r.
