4180 5484
749 545 1020 624 FONTEM.
1594 575 1663 646 215

111 721 176 783 isac
198 715 329 804 quidem
351 718 427 779 loco
447 725 651 800 opportune,
677 737 743 800 quo
764 717 859 782 nobis
917 719 1058 782 Saturno
1080 717 1162 784 dixit
1182 719 1231 803 di:
1262 721 1380 798 Mons,
1403 742 1498 802 quern
1518 727 1662 788 incolae·

112 820 312 904 geminatum
334 817 415 879 item
441 829 537 900 caput
562 813 719 893 offertur,
754 819 859 903 inqui·
915 833 990 897 rat,
1024 819 1204 885 Saturniae
1232 823 1359 899 dietas,
1390 827 1529 902 civitas,
1562 847 1661 905 quara

109 941 189 984 rere
197 913 212 997 ,'
237 939 320 1005 quae
343 919 408 982 sint
429 937 509 982 vere
528 918 596 978 lani
620 917 723 1002 capita
746 933 858 1002 putan-
915 921 1145 1000 depalaverat,
1177 921 1338 986 Saturnia
1363 945 1465 1004 esque
1488 947 1577 988 aune
1600 941 1659 990 est.

111 1021 169 1096 ds,
200 1034 235 1085 et
263 1039 348 1106 quae
374 1019 448 1102 jure
475 1018 572 1082 aliter
593 1019 696 1103 accipi
716 1021 856 1103 possint,
914 1019 1014 1102 Atqui
1032 1035 1066 1083 et
1083 1025 1193 1084 lanum
1210 1022 1374 1086 Arncbius
1395 1024 1472 1087 loeo
1494 1046 1590 1108 supra
1612 1029 1660 1088 in·

112 1123 328 1206 debeantque.
915 1117 1022 1182 dicato
1054 1121 1188 1184 Ianiculi
1226 1123 1339 1205 oppidi
1375 1125 1579 1190 conditorem
1614 1129 1660 1189 di·

173 1227 242 1288 lam
259 1221 402 1308 primum
420 1237 543 1286 certam
562 1223 792 1308 lanieifigiem
811 1224 858 1286 is·
914 1219 971 1282 sit.
1015 1223 1051 1282 ln
1082 1223 1152 1284 aliis
1180 1223 1306 1286 assibus
1333 1224 1404 1307 ejus
1434 1241 1530 1311 caput
1559 1232 1660 1312 gerni-

111 1326 323 1410 restigemus.
345 1326 427 1388 Eam
446 1326 515 1386 siue
535 1323 634 1388 dubio
653 1325 856 1388 manifestam
914 1342 992 1382 num
1013 1323 1137 1404 tegitur
1157 1321 1264 1406 pileo,
1293 1326 1385 1389 relat
1405 1328 1439 1388 in
1462 1343 1560 1410 gente
1584 1332 1659 1393 Cas·

114 1427 263 1492 offerunt
282 1429 370 1491 ass'es
392 1423 486 1508 hujus
509 1423 581 1491 seri
602 1425 791 1504 domestici,
822 1427 855 1489 in
914 1422 980 1498 sia,
1007 1423 1060 1488 rel
1080 1423 1272 1508 protuberat
1288 1426 1366 1509 quid
1386 1424 1479 1504 ssori,
1504 1430 1591 1493 forta
1611 1434 1658 1493 lo·

112 1549 253 1614 quorum
284 1539 378 1612 parte
407 1529 512 1590 antica
539 1526 684 1592 edictum
712 1549 785 1592 esse
811 1532 858 1592 ia*
915 1536 966 1600 te,
993 1511 1116 1598 simile',
1145 1541 1182 1589 ut
1201 1525 1406 1591 incar-nelis
1425 1530 1658 1607 Lentulorum,

111 1651 210 1707 num,
258 1629 353 1693 altius
397 1629 596 1712 gravissimis
635 1632 857 1696 Romanorum
916 1625 969 1690 rel
993 1625 1091 1689 obeli
1122 1628 1280 1710 quaedam
1316 1631 1444 1712 species
1485 1643 1657 1717 utrumque

112 1730 307 1792 testimoniis
333 1728 545 1794 stabilivimus
566 1733 610 1812 ¹¹),
635 1731 751 1815 quibus
772 1731 857 1794 addo
916 1741 1012 1812 caput
1031 1726 1163 1804 dividit,
1191 1751 1272 1812 quae
1297 1731 1430 1814 quidem
1454 1733 1582 1817 singula
1603 1755 1659 1798 ex·

112 1833 211 1895 etism
234 1831 387 1894 denarios
404 1831 517 1914 ¹gentis
539 1831 669 1896 Furiae.
703 1831 859 1896 orroeon
915 1829 1038 1912 plicare
1063 1849 1128 1891 nou
1151 1842 1261 1908 tento,
1288 1852 1363 1896 cam
1386 1847 1530 1912 constet,
1560 1855 1657 1919 quarn

113 1953 228 1996 omnes
262 1932 297 1994 hi
335 1932 426 1994 numi
461 1945 558 2014 caput
592 1933 779 2016 geminum,
824 1947 858 1996 et
914 1931 1017 2002 varia,
1043 1943 1077 1994 et
1101 1929 1238 1995 absurda
1259 1933 1301 1997 de
1323 1937 1400 1998 lane
1425 1955 1484 1998 suo
1506 1935 1657 2000 docuerit

112 2049 287 2120 utrumque
318 2034 448 2118 prolixe
479 2033 669 2109 barbatum,
708 2034 856 2118 illudque
912 2033 1058 2095 Romana
1082 2035 1287 2115 superstitio,
1315 2036 1443 2098 tametsi
1467 2036 1553 2120 quod
1581 2038 1658 2100 cbe-

110 2138 209 2200 rsriis
251 2135 357 2199 modis
395 2147 599 2200 exornatam.
656 2135 857 2218 Plerumque
913 2133 964 2196 lus
992 2133 1063 2194 aliis
1091 2135 1238 2211 videtur,
1267 2136 1355 2198 aliud
1381 2137 1469 2198 iorte
1497 2158 1563 2199 non
1591 2152 1656 2215 est,

111 2237 194 2300 illud
227 2257 349 2302 corona
381 2237 493 2299 laurea
524 2235 633 2299 ambit.
682 2237 856 2311 Dicerem,
913 2255 1008 2318 quarn
1041 2249 1117 2297 nota
1147 2233 1245 2312 assis,
1285 2258 1368 2321 quac
1399 2257 1497 2320 saepe
1528 2239 1561 2298 in
1593 2241 1657 2304 hoc

110 2341 232 2400 lactum
261 2337 348 2399 istud
375 2349 570 2420 propterea,
600 2337 688 2422 qued
714 2357 856 2402 coronae
913 2357 1085 2398 numerum
1116 2357 1242 2420 genere
1272 2337 1338 2400 lani
1368 2339 1465 2422 capiti
1497 2340 1655 2406 immines

109 2441 212 2502 fuisse
243 2439 397 2500 inventor
424 2437 595 2501 ferebatur
620 2437 673 2521 ¹³),
709 2439 771 2502 nisi
801 2440 856 2503 ob·
912 2441 1006 2502 Hane
1035 2435 1276 2522 lanieiiigiem
1306 2459 1348 2500 ex
1377 2439 1501 2517 numia,
1537 2455 1573 2504 ut
1601 2463 1656 2504 res

108 2544 198 2604 sium
221 2539 307 2602 istud
326 2553 417 2602 esset
437 2539 601 2604 veriorum
618 2541 784 2603 numinum
804 2561 856 2606 or·
912 2540 1018 2624 palam
1048 2539 1165 2614 docet,
1202 2552 1327 2623 captam
1358 2561 1457 2624 saepe
1487 2541 1656 2606 veteribus

107 2655 309 2706 numentum.
340 2640 500 2704 Lunulam
522 2639 621 2702 habet
644 2655 783 2726 utroque
806 2662 856 2706 ca-
910 2641 1056 2706 incernis
1083 2643 1238 2704 insertam
1266 2640 1434 2718 videmus,
1469 2655 1506 2706 ut
1534 2643 1656 2708 docent

107 2747 175 2828 pite
200 2745 434 2824 interceptam,
464 2739 550 2806 lorte
578 2742 674 2819 ideo,
707 2743 780 2828 quia
806 2743 855 2826 jo·
911 2743 1067 2806 lucernae
1098 2743 1285 2826 complures
1317 2765 1336 2806 a
1363 2745 1515 2808 Passeris
1546 2745 1657 2828 suiga-

107 2847 196 2912 dicio
224 2844 391 2918 Fronteii,
421 2863 518 2925 quem
546 2859 714 2908 auctorem
745 2845 854 2910 laudat
911 2857 974 2908 tae.
1081 2877 1087 2886 ·

104 2942 436 3026 Laurentius'Lydas
460 2946 510 3026 ο),
542 2946 635 3008 lanus
663 2945 725 3006 luit
748 2948 854 3025 ἔφορος
973 2943 1098 3008 Eadem
1123 2945 1191 3006 Iani
1213 2945 1341 3026 imago,
1368 2966 1463 3028 quam
1487 2945 1585 3028 modo
1611 2969 1654 3010 ex

104 3075 143 3112 aa
159 3069 274 3122 παντος
288 3067 393 3130 passe,
412 3065 546 3128 praeses
564 3049 714 3110 universi
733 3059 854 3130 tempo·
908 3047 1014 3108 numis
1035 3046 1192 3106 Romanis
1212 3043 1462 3130 descripsimus,
1489 3045 1574 3109 haud
1597 3051 1654 3110 du·

105 3155 170 3226 ris,
202 3150 256 3213 vel
282 3147 374 3232 quia,
405 3158 442 3208 ut
462 3145 551 3208 idem
572 3147 682 3230 paullo
703 3147 788 3210 inira
811 3165 853 3210 ex
907 3146 963 3210 his
990 3146 1087 3208 etiam
1110 3146 1143 3206 in
1168 3147 1343 3210 nonnullas
1365 3148 1532 3210 commatis
1556 3169 1653 3232 pere·

104 3253 316 3314 Praetextato
343 3246 470 3328 refert,
499 3247 679 3326 creditum,
711 3269 783 3314 esse
805 3253 853 3312 la·
909 3249 995 3333 grini
1023 3267 1139 3308 numos
1166 3245 1328 3330 migrarit.
1371 3249 1408 3308 In
1433 3249 1597 3314 volumine
1626 3254 1652 3314 1.

103 3373 185 3414 num
214 3343 336 3432 derupta
359 3373 428 3412 aare
451 3345 498 3427 ἐφ’
521 3346 664 3428 inererat·
686 3347 776 3428 derra
803 3373 851 3412 re·
907 3349 1003 3433 hujus
1035 3347 1144 3432 operis
1173 3368 1247 3432 pag.
1270 3349 1332 3424 adl,
1365 3351 1478 3433 plures
1510 3349 1652 3434 produxi

103 3475 276 3538 suppone,
297 3474 347 3512 aar
364 3475 422 3525 τας
440 3453 594 3531 θειοτεριις
613 3447 849 3535 ,iuposituros
906 3468 1022 3512 numos
1044 3469 1182 3527 aeneos,
1211 3451 1244 3512 in
1270 3471 1409 3534 quorum
1437 3451 1541 3516 antica
1563 3451 1652 3514 ¹sirni-

102 3559 279 3630 cesaream
298 3551 597 3637 χοςονᾶποπεμπειν,
619 3555 685 3614 vim
700 3551 848 3632 aliquam
906 3549 939 3612 le
972 3563 1140 3634 comparet
1170 3565 1266 3634 caput
1295 3550 1512 3634 duplicatum,
1553 3553 1649 3636 quale

97 3657 250 3740 positam
267 3657 367 3732 jueta
393 3667 566 3738 utramque
590 3673 718 3729 ursam,
743 3675 763 3714 a
782 3673 848 3732 aaa
906 3651 1005 3715 modo
1028 3651 1061 3713 in
1084 3651 1207 3714 assibus
1230 3653 1383 3716 Romanis
1406 3654 1648 3738 conspeximus.

100 3761 287 3820 diviniores
313 3759 444 3820 amasae
473 3759 517 3818 ad
543 3757 693 3818 latrarem
719 3765 848 3816 coetum
905 3753 968 3815 Illo
1002 3773 1132 3835 quoque
1164 3751 1317 3818 exhiberi
1348 3757 1476 3830 lanum,
1515 3751 1649 3816 dubium

99 3861 321 3922 deducuntur.
351 3859 388 3918 ln
411 3856 534 3920 assibus
561 3855 644 3918 lunii
669 3855 786 3931 Silani,
814 3867 847 3918 et
904 3875 970 3916 non
1000 3854 1140 3918 ridetur.
1186 3855 1266 3916 Nam
1301 3868 1527 3938 praeterquam
1560 3855 1648 3940 quod

101 3957 229 4022 Titurii
258 3957 425 4042 utriusque
457 3957 571 4040 cepitis
602 3956 725 4020 cervici
756 3954 847 4016 infixi
904 3953 1072 4018 barbatum
1098 3968 1271 4038 utrumque
1295 3968 1360 4030 est,
1385 3957 1567 4016 Romanum
1591 3977 1649 4020 nu·

100 4063 171 4147 pali
190 4059 450 4142 conspiciuntur,
479 4079 541 4142 qus
563 4057 702 4140 imagine
727 4049 848 4140 signill-
904 4077 981 4121 men
1007 4053 1206 4139 persuadent
1239 4055 1336 4117 etiam
1365 4055 1518 4136 inscripta
1549 4057 1650 4140 magi·

101 4164 173 4228 cari
192 4175 326 4246 possunt
343 4176 396 4224 sut
415 4159 571 4242 descripti
587 4155 777 4222 condendae
794 4179 849 4220 ur·
904 4171 1059 4222 stratuum
1077 4159 1298 4218 Romanorum
1317 4156 1463 4230 nomina,
1491 4157 1546 4241 qui
1565 4158 1648 4222 adeo

100 4265 154 4328 bis
173 4259 273 4340 iioes,
296 4263 330 4323 in
358 4281 495 4346 quorum
519 4261 629 4322 locum
651 4260 756 4324 serius
779 4279 850 4322 suc·
905 4259 1119 4322 domesticum
1159 4277 1252 4320 suum
1286 4276 1407 4318 numen
1444 4256 1477 4318 in
1517 4281 1648 4340 numos,

103 4367 206 4430 cessit
238 4364 345 4427 sulcas
375 4377 483 4426 aratro
512 4362 646 4436 dactus,
684 4373 739 4424 aut
770 4361 848 4424 urbs
906 4381 987 4445 quos
1016 4359 1171 4422 Panormi
1201 4359 1301 4420 fuisse
1336 4357 1478 4440 signatos
1509 4359 1649 4426 dubitari

101 4469 188 4550 palis
221 4465 377 4529 adversas
408 4467 471 4526 vim
507 4479 675 4528 externam
710 4464 848 4538 munita,
904 4463 960 4528 vix
980 4480 1077 4545 posse
1099 4459 1253 4535 diximus,
1281 4459 1462 4526 intulerint.
1500 4463 1646 4529 Eandem

100 4591 170 4656 quc
189 4567 288 4630 modo
305 4567 525 4630 Tertullianus
542 4585 672 4656 quoque
689 4585 788 4647 agens
806 4563 847 4626 de
906 4562 1062 4646 geminati
1082 4563 1194 4646 capitis
1217 4559 1357 4624 formam
1376 4560 1530 4626 habemus
1550 4566 1647 4630 etiam

140 4775 318 4850 s)i’ag.14.
393 4770 503 4847 b)l.c,
578 4759 1104 4856 cissaprppsarsublsuuar.ct.
1179 4768 1214 4842 d>
1234 4767 1263 4828 iu
1279 4769 1405 4846 apolog.
1423 4789 1447 4829 ο.
1462 4783 1504 4832 ιο.
