4184 5500
806 579 1022 656 CAESIA
1244 655 1246 660 ,
1617 601 1687 668 15τ

138 737 335 822 Apollinem
354 763 425 804 esse
443 743 609 807 dixerunt.
640 745 745 826 Hujus
763 747 887 831 Apolli·
943 762 1040 828 caat,
1055 753 1150 814 canis
1171 751 1303 828 adstat,
1317 753 1385 836 ipsi
1399 773 1474 816 sero
1491 773 1608 814 cauum
1621 753 1690 834 pel·

136 841 189 903 uis
207 841 343 924 Vejoris
362 858 459 928 caput
479 859 583 908 exstat
607 849 702 911 etiam
725 849 758 909 in
780 849 885 938 numia
943 853 1034 914 libus
1061 855 1291 916 amiciuntur?
1326 873 1371 916 an
1400 857 1488 934 quod
1510 857 1690 936 praestitos

137 941 247 1026 gentis
268 943 442 1024 Fonteiae,
469 960 502 1008 et
523 947 667 1013 Liciniae
689 952 884 1034 cognomine
942 955 1084 1031 santii,
1106 957 1166 1034 aui
1176 967 1351 1039 praesunt,
1373 955 1435 1018 lsos
1452 967 1562 1018 autem
1582 967 1691 1019 custo·

136 1045 252 1120 Macri,
270 1059 304 1107 et
318 1046 434 1109 literae
449 1069 552 1111 nexae
569 1051 651 1123 AR,
671 1073 752 1136 quae
771 1053 803 1114 in
819 1053 884 1116 hoo
942 1053 1000 1116 cles
1016 1076 1086 1116 esse
1105 1057 1223 1118 damus
1239 1069 1384 1138 oportet,
1409 1069 1443 1118 et
1451 1037 1689 1140 formidandos

138 1159 173 1210 et
190 1145 297 1230 gentis
315 1147 473 1214 Fonteiae
489 1151 595 1214 nemis
610 1152 787 1232 adduntur,
811 1167 886 1216 sunt
942 1156 1084 1230 exteris,
1102 1160 1190 1234 quod
1205 1159 1354 1220 videmus
1371 1161 1407 1222 in
1426 1159 1582 1236 canibus,
1598 1179 1689 1220 mur.-

136 1247 334 1330 priucipium
355 1251 548 1329 APolliais,
579 1253 641 1314 nisi
663 1253 750 1318 sorte
776 1257 885 1318 serius
941 1267 1054 1316 suetos
1072 1273 1147 1318 staro
1161 1258 1375 1338 placidosque
1392 1261 1605 1322 domesticis?
1625 1261 1705 1326 Ass-x

138 1348 339 1432 explendae:
363 1353 541 1434 Argentum
560 1355 752 1435 Paolicum,
775 1371 810 1418 ut
829 1357 888 1420 ob·
922 1352 1067 1418 dismas
1089 1357 1253 1423 Nasonem
1273 1377 1406 1422 numum
1429 1359 1564 1424 uberius
1587 1341 1688 1445 expli·

137 1451 279 1514 servabo
297 1451 330 1512 iu
349 1453 497 1522 Fonteio.
595 1481 597 1490 ·
942 1470 1068 1521 cautem
1090 1456 1138 1541 a),

203 1553 328 1616 Aversa
348 1557 451 1618 Lares
472 1556 615 1621 exhibet.
644 1561 716 1622 Hos
739 1559 782 1622 ita
807 1557 886 1622 defl-
1559 1633 1565 1644 ,

135 1653 187 1720 uit
203 1655 384 1739 Appuleius
400 1659 443 1740 ¹),
460 1659 536 1720 dum
556 1659 695 1738 Genios,
714 1661 886 1738 Lemures,
1009 1661 1232 1726 Prmsststtus
1261 1663 1379 1740 Maiae
1410 1661 1550 1728 Laribus
1579 1667 1690 1728 videre

138 1757 260 1834 Lares,
291 1757 431 1836 Las-vas,
458 1764 572 1825 Manes
598 1761 679 1825 deos
702 1761 885 1846 distinguit:
1264 1766 1433 1828 Kalendae

139 1879 184 1924 esc
205 1861 298 1922 lisca
320 1881 398 1944 ergo
418 1864 633 1939 Lemuribus,
660 1867 718 1943 qui
740 1877 889 1946 postero·
1051 1863 1162 1925 Aram
1190 1867 1388 1942 constitut,
1406 1867 1562 1953 signaque
1592 1885 1691 1949 parts

140 1981 214 2024 sum
238 1981 375 2025 suorum
404 1983 517 2025 curam
543 1967 683 2028 sortitus
706 1977 828 2048 pacato
854 1977 887 2028 et
1265 1961 1362 2026 deum
1383 1999 1398 2016 -
1416 1998 1432 2016 ·
1449 1999 1465 2017 ·

139 2065 253 2142 quieto
275 2066 411 2126 numine
427 2067 558 2126 domum
571 2071 736 2146 possidet,
752 2068 821 2130 Lar
839 2069 890 2130 di·
1014 2064 1065 2127 At
1081 2063 1169 2128 oanis
1189 2077 1263 2127 ante
1282 2065 1384 2148 pedes
1400 2087 1485 2131 saxo
1495 2067 1692 2151 fabricatus

138 2169 231 2228 citur
260 2167 466 2250 familiaris.
517 2167 689 2251 copiosius
723 2167 889 2231 arnobius
1200 2235 1204 2247 ,
1259 2167 1378 2232 'codem

139 2263 274 2330 Larium
302 2279 468 2344 naturam,
495 2269 665 2353 variasque
690 2269 732 2332 de
755 2269 794 2334 iis
817 2291 892 2333 sen·
1055 2265 1186 2334 Stabat.
1227 2269 1323 2353 Quae
1350 2271 1465 2332 standi
1497 2288 1572 2332 oum
1600 2267 1690 2330 Lare

141 2369 260 2432 teutias
289 2369 499 2454 persequitur
522 2367 568 2453 1ἱ).
619 2375 812 2449 Possumus,
843 2373 890 2432 in·
1269 2391 1372 2434 causa
1382 2371 1485 2453 suit?

142 2471 230 2556 quit,
256 2473 290 2534 si
312 2473 460 2549 uidetur,
487 2477 679 2536 summatim
707 2475 838 2554 aliquid
857 2483 892 2534 et
1013 2469 1130 2536 Servat
1146 2483 1285 2555 uterquc
1300 2476 1447 2549 doraum,
1464 2471 1598 2534 domino
1614 2489 1692 2550 quo*

138 2573 487 2650 seleucenum,
509 2593 591 2653 quos
614 2576 800 2638 arbitratur
821 2573 892 2636 oal·
1006 2623 1017 2665 ,
1268 2593 1332 2655 pue
1341 2574 1438 2660 fidus
1456 2585 1610 2650 uterque,

135 2693 204 2756 gus
227 2677 375 2738 uicorum
399 2687 498 2753 atque
522 2678 682 2738 itinerum
707 2679 784 2740 deos
807 2695 889 2738 esses
1056 2675 1207 2759 Compita
1221 2692 1323 2760 grato
1338 2677 1416 2754 deo,
1432 2674 1578 2758 compita
1589 2685 1693 2755 grata

137 2795 184 2838 ea
206 2797 261 2852 eo,
288 2777 379 2856 quod
399 2776 522 2840 Graeci
543 2779 635 2840 uicos
653 2781 890 2860 cognominant
1265 2781 1354 2842 coni.

140 2879 268 2942 lauras.
317 2877 358 2939 In
390 2879 533 2940 diuersis
562 2875 723 2960 Nigidius
755 2881 891 2959 scriptis
1010 2862 1202 2962 Eu‘ag'itant
1223 2891 1257 2942 et
1274 2879 1363 2954 Lar,
1386 2890 1421 2940 et
1443 2878 1542 2940 turba
1561 2880 1692 2942 Diania

140 2982 238 3042 modo
277 2991 438 3042 tectorum
473 2981 693 3060 dosnuumque
726 2981 888 3054 custodes,
1255 2981 1374 3064 fures,

141 3083 239 3144 modo
259 3083 398 3144 Curetas
413 3081 512 3158 illos,
538 3087 596 3160 qui
614 3082 799 3144 occultasse
816 3101 889 3164 pes·
1055 3080 1323 3162 Pervigilantque
1335 3079 1457 3152 Lases,
1472 3079 1691 3160 peruigilant-

138 3183 298 3248 libentur
319 3183 411 3244 Iovis
435 3173 569 3244 aeribus
594 3183 775 3264 aliquando
798 3183 890 3263 vagt-
1264 3197 1326 3256 que
1347 3199 1456 3240 canes.

142 3283 684 3366 tus,1adigetesSamothracios,
702 3304 784 3364 quos
796 3289 889 3362 quin·
1009 3281 1091 3344 Bina
1123 3278 1340 3366 gemellorum
1370 3280 1566 3359 quaerebam
1600 3281 1693 3367 sigua

140 3405 204 3468 quc
237 3387 392 3450 indicant
425 3385 549 3450 Graeci
582 3389 702 3450 Idaeos
736 3384 890 3468 dactylos
1265 3379 1402 3444 deorum
1421 3415 1437 3432 ·
1454 3415 1469 3434 ·
1487 3415 1501 3430 ·

142 3491 340 3570 nuncupari.
381 3493 489 3552 Varro
518 3491 678 3552 similiter
705 3489 889 3561 haesitans,

142 3609 231 3654 nunc
248 3611 321 3652 esse
337 3591 415 3654 illas
435 3593 571 3668 ellanes,
590 3603 625 3653 et
640 3593 715 3653 ideo
733 3589 889 3652 Maniam
946 3587 1076 3652 Deinde
1112 3607 1186 3652 oum
1220 3585 1360 3654 Vulcani
1399 3585 1504 3668 eapite
1544 3589 1691 3670 opposita

142 3705 283 3755 matrem
295 3713 366 3754 esse
379 3697 645 3774 cognominatam
656 3693 791 3767 Larum,
804 3707 891 3752 auae
947 3691 1188 3774 coniunguntur
1210 3690 1329 3764 Lares,
1360 3689 1415 3772 qui
1439 3709 1591 3772 praeesse
1615 3690 1691 3752 loco

140 3797 253 3858 aerios
270 3813 392 3869 sursus
416 3797 511 3872 deos,
545 3809 578 3858 et
602 3793 721 3856 heroas
747 3813 892 3874 pronun·
949 3792 1186 3872 credebantur3
1213 3791 1300 3854 uude
1321 3803 1415 3854 setus
1437 3790 1629 3856 scholiastes
1650 3789 1690 3854 ad

138 3901 211 3960 ciat
230 3895 411 3978 appellari,
429 3917 516 3960 nanc
531 3901 743 3976 antiquorum
764 3905 891 3958 senten·
949 3896 1077 3958 Horatii
1093 3893 1200 3978 Epod.
1216 3895 1256 3956 ll.
1274 3895 1375 3972 juata
1383 3895 1502 3976 socam
1521 3896 1572 3958 dii
1588 3899 1691 3958 Pena·

141 4001 212 4062 tias
240 4015 381 4075 sequeus
406 3999 523 4064 ,laruas
552 4021 622 4062 esse
655 3999 740 4061 dicit
773 3997 890 4070 Lares,
949 4010 999 4060 tes
1018 4001 1125 4080 positi
1135 3997 1255 4078 suere,
1280 3997 1447 4076 laresque
1467 3998 1623 4078 inscripti
1641 3999 1693 4058 ia·

140 4101 240 4180 quasi
259 4099 418 4176 quosdam
437 4103 554 4182 genios
575 4102 814 4184 defunctorum.
837 4097 892 4158 Bi·
947 4101 1053 4175 circo,
1080 4099 1170 4178 quad
1193 4117 1254 4158 ara
1275 4099 1408 4158 deorum
1429 4096 1567 4157 Larium
1586 4099 1691 4176 sucus

142 4221 204 4264 uos
228 4199 365 4282 juvenes
389 4199 423 4260 ia
447 4199 581 4264 denario
601 4213 717 4262 nostro
739 4198 891 4274 sedentes
934 4201 1013 4284 suit
1036 4200 1182 4261 taetras.
1210 4196 1321 4292 Quare
1344 4197 1510 4264 Vulcanus
1534 4199 1568 4260 el
1587 4198 1690 4260 Lares

74 4311 78 4327 “
144 4323 218 4368 esse
232 4303 348 4377 Lares,
367 4302 480 4385 probat
497 4303 636 4383 primum
653 4299 824 4364 adstitutus
840 4319 891 4363 ca·
946 4302 1124 4385 junguntur
1151 4297 1247 4362 etiam
1270 4299 1303 4362 in
1328 4319 1507 4376 marmore,
1536 4299 1624 4384 quod
1649 4303 1690 4364 ad

142 4396 204 4468 uis'.
245 4401 333 4466 Audi
353 4403 395 4468 da
417 4405 480 4468 hoo
503 4402 714 4468 Plutarchum
737 4407 784 4486 ο)ε
826 4405 892 4464 Cur
946 4399 1034 4466 hunc
1058 4423 1191 4466 numum
1215 4403 1331 4466 recitat
1354 4403 1509 4478 Vrsinus,
1535 4403 1691 4485 positum·

143 4505 374 4584 Laribuslis‚
397 4527 479 4586 quos
491 4509 627 4590 proprie
640 4509 820 4590 praestitas
836 4525 891 4568 oo·
948 4525 1012 4588 que
1040 4503 1101 4567 suit
1126 4505 1292 4588 Augustos
1322 4505 1545 4574 VOLCANO.
1572 4505 1690 4566 LAlll-

182 4734 214 4804 s)
233 4732 278 4788 De
298 4729 355 4788 deo
373 4731 509 4788 Socratis.
583 4729 618 4801 b)
639 4731 802 4808 adv.·geut.
819 4729 852 4788 L.
865 4729 914 4790 111.
989 4732 1019 4803 ο)
1043 4733 1162 4804 Quaest.
1179 4729 1264 4790 Rom.
1279 4749 1309 4808 p.
1321 4749 1358 4790 m.
1373 4735 1435 4802 276.
1511 4729 1546 4806 d)
1565 4730 1690 4790 Fasti.

145 4835 205 4896 ¹29·
1397 4855 1404 4866 .
