4180 5484
421 563 494 636 stt
1037 543 1353 622 CORNELIA.

485 717 626 780 Namusa
654 712 813 786 altarum,
844 710 906 774 etei
936 714 1166 794 peregrinant,
1209 718 1341 802 ·qaibos
1360 715 1483 800 potuit,
1515 711 1665 777 laudibus
1684 733 1819 798 semper
1833 717 1965 794 extulit,
2073 781 2074 786 ,

423 817 580 882 lsisteriss
594 837 689 880 oooeo
707 825 904 880 connectere
919 815 1049 895 placuit.
1075 815 1166 879 ldem
1223 815 1419 902 appellando
1437 829 1610 900 parentem
1635 836 1676 878 eo
1700 819 1806 890 deum,
1822 839 1906 882 suae
1924 823 1970 882 vi·

424 919 478 984 iric
500 919 538 984 Ρ.
556 920 656 982 Corn.
673 917 832 978 Lentulos
850 915 1007 998 Spinther
1031 936 1072 978 ex
1089 936 1167 980 con·
1224 931 1296 994 tue,
1309 921 1492 1000 fortunae,
1525 921 1722 994 memoriae,
1750 923 1898 984 nominis
1923 926 1969 1000 s),

423 1021 547 1094 sulatn,
571 1039 667 1104 qoem
690 1019 791 1102 gessit
810 1017 850 1082 V.
871 1017 908 1080 C.
926 1015 1005 1098 697,
1035 1018 1167 1100 provin·
1223 1018 1311 1101 quod
1327 1019 1397 1100 ejus
1416 1017 1457 1082 ab
1475 1017 1576 1081 exilio
1596 1019 1775 1086 revocandi
1798 1021 1833 1083 in
1854 1039 1968 1086 consa·

422 1123 504 1188 eiam
524 1121 671 1184 Ciliciam
694 1119 828 1182 sortitos
849 1137 921 1180 eam
948 1119 1092 1180 triennio
1114 1117 1167 1180 ad·
1222 1120 1289 1182 latu
1305 1122 1458 1206 princeps
1480 1132 1594 1182 auctor
1616 1120 1751 1186 exstitit.

423 1222 633 1298 ministravit,
655 1221 746 1282 bello
766 1239 839 1282 cum
864 1217 1031 1294 hostibus,
1060 1219 1168 1282 incer·
1481 1267 1500 1306 5
1583 1219 1603 1256 '¹'
1689 1267 1708 1302 ὓ

421 1338 490 1392 tam
513 1322 631 1406 quibos
652 1319 820 1403 praeclare
845 1333 939 1402 geste
957 1317 997 1380 ab
1017 1318 1167 1379 exercitu
1365 1322 1497 1386 CASSI.
1512 1323 1602 1388 lntP.
1618 1322 1882 1390 LEIBERTAS.
1911 1327 1970 1389 Cu·

421 1425 603 1502 imperator
636 1421 758 1494 dictus,
794 1430 867 1480 acto
907 1419 1004 1480 etiem
1046 1437 1086 1478 ex
1124 1438 1166 1480 eo
1362 1437 1424 1500 put
1446 1425 1633 1486 Libertatis
1656 1429 1693 1486 in
1709 1429 1791 1489 aliis
1811 1427 1970 1502 uelatum,

420 1520 606 1604 triumpho,
642 1533 678 1582 ut
704 1531 861 1580 testantur
891 1517 1050 1602 epistolae
1072 1517 1166 1580 Cice·
1249 1521 1253 1528 ’
1365 1525 1624 1584 r'neliisnimbo
1646 1529 1855 1592 redimitum.

419 1623 512 1690 renis
534 1621 574 1684 ed
597 1620 684 1682 hunc
701 1619 877 1680 Lentulum
900 1617 1009 1695 datae,
1032 1632 1067 1680 et
1088 1639 1165 1681 con·
1224 1621 1473 1694 ῘΗΕΝΤἮΝὸ
1494 1623 1632 1690 SPINT.
1662 1623 1790 1689 Guttus
1806 1637 1840 1689 et
1853 1627 1971 1690 irtuus

421 1723 529 1788 lirmet
559 1741 675 1784 numus
705 1741 871 1802 praesens.
925 1719 1093 1782 Preeolsri
1129 1719 1164 1780 hi
1220 1721 1290 1786 AR.
1311 1723 1352 1788 R.

420 1825 511 1888 numi
537 1821 606 1885 cusi
635 1835 709 1882 sunt
728 1823 891 1904 Apameae
923 1835 956 1883 et
977 1821 1161 1884 Laodiceae
1337 1823 1551 1892 BRVTVS.
1570 1823 1713 1903 Securis,
1733 1829 1973 1910 capedunculas,

423 1923 606 2008 Phrygiae,
635 1921 841 1984 utdictum
833 1943 865 1983 ιιι
889 1935 1027 1984 tractatu
1053 1921 1095 1982 de
1116 1922 1168 1984 ci·
1364 1929 1537 2002 secespita.

421 2025 597 2110 stophoris.
649 2022 740 2085 idem
781 2025 833 2086 isio
866 2022 1025 2086 Lentulus
1060 2023 1101 2089 V.
1130 2023 1167 2086 C.
1224 2023 1474 2094 LENTVLVS.
1496 2025 1636 2090 SPlNT.
1664 2026 1971 2094 Guttusetiitrrur.

422 2131 485 2212 706
523 2149 586 2190 une
626 2145 702 2193 cnm
734 2125 882 2186 Domitio
913 2123 1096 2186 imminenti
1127 2143 1168 2185 ex
1225 2121 1294 2184 stt.
1314 2125 1356 2188 R.

421 2231 526 2296 Gallie
551 2226 683 2290 Caesari
710 2225 866 2288 resistere
886 2247 903 2287 a
921 2224 1115 2307 Pompejo
1104 2245 1169 2308 Jus·
1367 2224 1776 2298 Avevsrvsmtvts.
1795 2233 1972 2314 capum.

420 2355 474 2400 sas
490 2333 664 2414 desperato
680 2347 833 2390 successo
847 2346 920 2390 sese
937 2341 971 2390 et
985 2325 1167 2388 Corfinium
1367 2330 1453 2387 dum.

421 2435 530 2501 eidem
554 2429 680 2494 dedidit
695 2431 735 2508 Ι).
768 2427 906 2494 Veniam
927 2449 945 2490 e
965 2428 1089 2490 victore
1112 2445 1167 2490 na·
1223 2425 1472 2493 LENTVLVS.
1491 2427 1631 2518 sttttt'.
1659 2428 1787 2495 Guttus
1808 2435 1971 2503 relicuus,

423 2551 495 2602 ctos
512 2533 608 2614 hujus
631 2531 750 2592 iterum
769 2527 880 2592 hostes
902 2541 1061 2605 sectatur,
1092 2527 1167 2589 irri-
1222 2527 1294 2592 AR.
1316 2528 1357 2592 R.

422 2658 477 2700 sus
511 2633 649 2709 merito,
688 2625 776 2714 quod
814 2627 1036 2711 pontificatum
1079 2650 1163 2695 max.
1284 2628 1389 2690 Patris
1415 2641 1577 2692 monetam
1607 2631 1774 2716 excipiant
1797 2635 1963 2700 nomililis

422 2749 536 2804 contre
568 2730 714 2798 aemulos
750 2729 930 2790 Domitium
973 2745 1015 2814 et⁶
1041 2729 1167 2814 Scipio·
1221 2729 1259 2795 P.
1277 2729 1424 2793 Cornelii
1441 2732 1573 2794 Lentuli
1591 2733 1788 2817 Spintheris.
1814 2737 1897 2819 Ejus
1909 2741 1975 2822 pri·
2076 2759 2077 2782 l

421 2859 495 2903 nero
521 2835 608 2898 inter
628 2829 831 2916 gravissimas
853 2830 1029 2896 verborum
1053 2847 1166 2895 contu·
1223 2853 1310 2894 mum
1339 2832 1485 2894 meminit
1503 2835 1586 2910 nto,
1620 2855 1694 2898 cum
1718 2836 1828 2900 datum
1857 2839 1907 2902 ἱΙΙί
1937 2841 1970 2904 in

423 2937 536 3004 melias
568 2933 630 3000 sibi
659 2933 841 3017 deposcere
872 2935 1063 3010 attentavit,
1100 2953 1166 3018 qao
1222 2933 1371 2997 fraudem
1394 2932 1476 3017 legis
1490 2950 1679 3018 auguratum
1692 2943 1905 3024 persequitur
1919 2941 1969 3026 b):

423 3059 572 3126 tempore
603 3035 703 3102 duces
726 3035 876 3118 Pompeji
914 3036 946 3096 in
980 3035 1093 3099 cestrie
1124 3033 1165 3098 ad
1225 3037 1299 3098 Lex
1320 3047 1431 3120 operte
1447 3037 1663 3120 prohibebat,
1686 3061 1727 3102 ne
1747 3043 1814 3104 duo
1837 3047 1971 3124 quidam

424 3143 612 3208 Pharsalum
633 3140 741 3202 munia
760 3137 908 3200 Caesaris
930 3137 1019 3202 relat
1039 3136 1101 3218 jam
1121 3135 1169 3200 vi·
1224 3156 1269 3202 ex
1278 3157 1345 3200 uun
1353 3147 1453 3217 gente
1467 3138 1555 3200 idem
1568 3141 1790 3204 sacerdotium
1801 3145 1971 3213 haberem·

424 3243 570 3309 ctiioter
596 3263 631 3304 se
649 3239 757 3324 partiti
782 3252 855 3300 sunt
875 3235 919 3318 b).
962 3237 1036 3330 Quo
1066 3237 1167 3320 magis
1227 3237 1383 3322 Spinther
1397 3249 1508 3300 autern
1529 3241 1648 3303 consui
1650 3239 1769 3325 filium
1783 3267 1881 3312 suum
1897 3251 1975 3314 Cor.

425 3343 546 3406 mirere
560 3343 820 3423 Harercsmpmn
839 3337 1063 3414 adserentem,
1082 3341 1168 3400 Len·
1225 3339 1351 3402 stolium
1370 3337 1575 3418 Spintherem
1589 3343 1835 3428 intereugures
1849 3351 1976 3431 refirre

425 3445 527 3507 tulero
564 3442 649 3506 huno
681 3465 699 3505 e
730 3443 869 3503 Caesare
902 3437 1037 3501 Corlinii
1073 3439 1168 3502 venia
1225 3439 1376 3522 roiricus,
1396 3461 1470 3503 currs
1489 3444 1525 3504 irs
1544 3464 1619 3506 eum
1642 3447 1873 3526 ordinemjorrs
1894 3466 1975 3514 onte

425 3547 579 3610 donatum
610 3541 766 3626 deinceps
787 3539 933 3603 Puteolis
957 3540 988 3599 in
1010 3539 1087 3602 silla
1111 3561 1168 3602 sue
1225 3543 1385 3606 Faustum
1403 3537 1587 3622 Suttaer’..
1608 3551 1727 3624 quies:
1740 3553 1975 3630 genteitidens

426 3645 601 3732 tranquille
633 3643 797 3728 usquead
838 3639 984 3724 ejusdem
1019 3641 1168 3704 Caesaris
1227 3645 1475 3720 Corneliaerot,
1491 3647 1695 3729 adscriptum
1718 3651 1856 3728 uideret,
1873 3675 1970 3718 suum

427 3765 566 3813 mortem
608 3746 726 3810 risisse
763 3747 802 3826 e),
846 3745 927 3806 Post
961 3741 1088 3804 cladem
1127 3743 1168 3805 sd
1213 3741 1330 3830 filium
1354 3749 1390 3806 ιἰι
1410 3743 1541 3807 Manlii
1564 3746 1726 3828 Torquati
1745 3770 1854 3834 gersus
1876 3757 1976 3838 odop-

425 3849 614 3916 Plssreelare
652 3848 683 3908 in
717 3847 826 3910 Asiam
863 3845 971 3928 iugens
1010 3843 1167 3920 intendit,
1224 3847 1362 3908 tendum
1376 3848 1478 3925 dedit,
1495 3853 1704 3928 ecquomodo
1718 3855 1974 3934 verbisqus‘dcm

427 3955 613 4018 esclusuea
636 3947 774 4012 Rhodiis
799 3947 850 4030 d),
885 3957 1038 4030 receptus
1060 3957 1168 4010 tamen
1226 3947 1399 4008 obseruate
1421 3949 1491 4024 lex,
1525 3953 1598 4030 ipso
1619 3965 1731 4015 eutem
1751 3975 1787 4016 re
1809 3957 1976 4022 dissoluta

427 4057 531 4120 series
547 4057 594 4138 ⁰),
616 4073 709 4138 quem
730 4049 849 4113 deiude
870 4047 1031 4121 ionunarn
1047 4047 1170 4134 habae-
1225 4059 1285 4111 est.
1306 4047 1442 4110 Factum
1461 4049 1547 4112 istud
1563 4051 1603 4120 V.
1621 4052 1657 4117 C.
1675 4054 1738 4136 ⁶97
1755 4055 1789 4116 in
1803 4061 1976 4124 coneum.

428 4159 490 4236 rit,
529 4177 596 4220 non
626 4153 701 4218 setis
733 4164 866 4214 constat.
910 4151 1025 4216 Fuisse
1060 4170 1101 4212 ex
1130 4147 1169 4212 iis
1226 4149 1325 4232 patris
1351 4151 1545 4235 Spintheris.
1588 4157 1625 4216 ln
1649 4151 1741 4220 bello
1766 4159 1857 4222 cirili
1878 4163 1975 4226 Pom-

429 4281 546 4336 suurn,
581 4257 636 4342 qui
668 4277 730 4340 per
752 4253 784 4316 id
807 4241 931 4316 bellura
965 4252 1169 4328 occubuere,
1226 4250 1416 4334 pejipertea
1441 4268 1572 4318 secotm
1598 4255 1648 4318 lris
1673 4263 1799 4324 eversis
1822 4263 1975 4348 impetra.

428 4361 531 4422 innnit
569 4360 688 4422 Cicero
709 4357 754 4436 fl,
799 4353 853 4438 qai
892 4375 967 4418 euro
1005 4353 1171 4432 omnibus,
1228 4367 1260 4416 ta
1278 4354 1422 4418 renisio·
1442 4355 1558 4418 urbem
1580 4357 1696 4435 rediit,
1728 4379 1980 4452 compertoque,

362 4611 378 4636 ⁸
464 4603 494 4653 al
516 4597 601 4652 Ceos.
616 4595 695 4656 B.C.
712 4595 742 4650 L.
758 4595 778 4650 1.
796 4604 877 4655 eit.
982 4592 1314 4667 ts)1bit.t..111.c.es.
1423 4599 1614 4676 clpagdm·
1723 4601 1981 4672 d)Cic.sdssns.

428 4689 459 4746 L.
470 4685 534 4746 Xll.
548 4703 594 4760 ep.
608 4695 648 4747 ss.
746 4687 775 4753 e)
798 4683 859 4740 Cic.
876 4683 914 4740 ad
928 4684 1014 4744 Attis.
1031 4685 1062 4744 L.
1072 4681 1120 4747 xl.
1135 4703 1181 4760 ep.
1196 4697 1238 4751 ts.
1330 4683 1355 4759 i)
1376 4683 1405 4740 io
1421 4683 1511 4745 Bruta
1531 4707 1557 4746 c.
1568 4701 1610 4751 tt.
1704 4699 1737 4773 g)
1759 4691 1795 4748 ad
1812 4695 1893 4766 Quir.
1907 4709 1975 4774 post

426 4777 513 4836 redit.
528 4787 587 4836 et.
662 4773 697 4846 h)
718 4769 884 4832 textit.
903 4793 929 4830 c.
942 4784 985 4838 tt.
