4184 5500
532 581 614 654 tu
649 581 855 658 uvuos
887 581 1281 698 rsurnrtnvm
1341 688 1348 695 ι
1609 609 1678 675 ru

575 1138 1223 1322 ctrvrtxvm.

523 1381 782 1486 Chronologia
810 1409 1004 1460 :tumorum
1029 1386 1261 1462 familiarum.

120 1619 246 1736 Poste
274 1665 459 1731 universnm
483 1661 571 1725 bauo
599 1662 719 1724 seriem
750 1661 785 1722 in
815 1659 874 1724 sli-
928 1663 998 1745 typi
1014 1663 1139 1727 veteris
1155 1663 1305 1740 rationis,
1326 1661 1362 1724 in
1379 1661 1495 1748 quibus
1515 1665 1672 1756 deinceps

121 1791 228 1858 quem
254 1781 442 1851 temporum
471 1761 638 1838 ordinem,
672 1762 772 1824 misso
795 1763 873 1825 trito
930 1765 1053 1847 aliquid
1076 1784 1207 1848 semper
1232 1765 1293 1827 luit
1315 1765 1532 1844 immutatum,
1565 1771 1674 1837 donee

119 1874 185 1936 illo
222 1889 262 1934 uc
298 1867 418 1953 ignaro
450 1861 672 1948 alphabetico,
699 1862 874 1939 tribuere,
931 1865 1057 1928 denarii
1076 1879 1209 1930 veteres
1230 1884 1311 1929 cum
1339 1867 1579 1936 recentioribus
1605 1876 1673 1940 ccl·

112 1969 310 2058 optavimus
328 1985 443 2051 saepe,
468 1963 528 2027 sed
546 1963 674 2028 nonnisi
691 1963 777 2026 intre
800 1976 874 2027 vota
932 1965 990 2029 lati
1004 1965 1138 2049 penitus
1156 1965 1363 2030 dissiderent.

120 2074 284 2138 stetimus.
335 2068 566 2130 Destitunntur
599 2062 753 2125 nimirum
787 2065 873 2126 notis
994 2069 1035 2134 Π,
1063 2069 1125 2131 His
1151 2066 1302 2150 proxime
1324 2067 1519 2148 succedunt,
1546 2073 1581 2137 in
1600 2077 1672 2160 qui.

121 2169 388 2256 chronologicis,
411 2189 514 2254 quae,
538 2178 577 2228 ut
592 2164 626 2247 in
643 2163 753 2226 multis
768 2164 874 2248 impe-
931 2167 991 2232 bus
1007 2182 1139 2232 manent
1154 2168 1265 2254 priora
1281 2168 1403 2246 omnia,
1419 2170 1482 2233 nisi
1497 2174 1585 2257 quod
1599 2177 1671 2243 vice

119 2291 271 2342 ratorum
302 2271 428 2348 nornis,
462 2267 573 2332 multis
602 2265 699 2330 etiam
725 2265 872 2342 Graecis,
931 2270 1167 2334 Dioscurorum
1188 2285 1398 2354 compareant
1419 2273 1552 2338 numina
1572 2278 1671 2356 raris,

120 2375 284 2462 temporis
307 2373 469 2437 rationem
490 2371 620 2434 docent.
652 2365 750 2461 Quod
772 2387 873 2428 unum
931 2385 967 2434 ut
991 2373 1155 2449 vietor-ia,
1184 2373 1333 2454 luppiter
1362 2371 1571 2453 fulminator,
1600 2379 1674 2442 1³21.

121 2489 296 2564 superest,
332 2494 373 2538 ex
403 2473 507 2556 typis,
542 2471 678 2556 aliisque
707 2467 873 2532 nonnullis
929 2473 997 2551 las,
1024 2475 1161 2558 Apollo,
1193 2475 1312 2550 Diana,
1344 2473 1481 2558 aliique,
1511 2489 1607 2562 atque
1636 2479 1672 2542 hi

121 2579 231 2647 causis
248 2574 414 2664 generalia
430 2572 586 2660 quaedam
608 2583 782 2657 praecepta
798 2591 873 2654 pos·
929 2575 963 2642 iu
989 2575 1090 2658 bigis,
1121 2575 1231 2660 trigis,
1262 2574 1444 2661 quadrigis,
1473 2577 1670 2667 plerumque

122 2703 238 2748 sumus
265 2677 450 2754 conficere,
481 2695 562 2761 quae
594 2677 655 2738 etsi
686 2673 727 2736 od
754 2692 871 2734 numo·
930 2677 1018 2754 citis,
1041 2696 1116 2740 raro
1135 2677 1254 2742 lentis..

122 2783 274 2870 singulos
288 2800 355 2844 non
374 2798 575 2862 magnopere
596 2777 721 2851 velent,
747 2771 872 2857 aliquid
990 2781 1126 2844 Denarii
1162 2798 1236 2842 cum
1263 2777 1315 2840 his
1343 2777 1428 2864 typis
1458 2784 1673 2847 vetustiorem

122 2903 234 2951 temen
263 2883 346 2946 lucis
375 2881 547 2946 universae
572 2878 626 2942 rei
653 2875 870 2952 monetariae,
929 2880 1026 2944 etiam
1056 2880 1211 2944 fabricam
1238 2878 1397 2963 produnt,
1431 2895 1466 2946 ct
1493 2883 1673 2948 universim

123 2985 232 3072 qualis
267 2995 371 3048 stante
405 3001 476 3066 rep.
505 2979 587 3056 tuit,
628 2976 870 3062 impertiuntur,
931 2983 1041 3065 bigoti
1061 2981 1140 3044 dicti
1159 2995 1251 3060 sunt,
1272 2993 1308 3043 ut
1329 2981 1468 3064 quinarii
1489 2987 1673 3060 victoriati,

124 3093 177 3152 En
199 3087 288 3170 ejus,
305 3097 464 3170 quatenus
479 3081 521 3144 iri
534 3093 658 3166 potest,
677 3079 781 3148 breve
800 3093 870 3142 ten·
927 3104 1002 3145 nam
1031 3085 1133 3146 molto
1161 3081 1367 3166 frequentius
1396 3079 1488 3166 bigas
1516 3081 1583 3146 illis
1614 3085 1674 3147 im·

124 3207 248 3256 remen,
929 3204 1059 3267 pressas
1087 3182 1216 3260 videas,
1253 3202 1350 3268 quam
1373 3196 1433 3245 ‘aut
1462 3184 1582 3268 trigas,
1619 3200 1673 3248 ant

188 3295 216 3358 1.
239 3289 394 3355 Omnium
408 3283 622 3371 antiquissimi
638 3296 726 3358 sunt,
744 3284 777 3344 in
794 3302 873 3368 quo-
931 3285 1112 3368 quadrigss.
1148 3285 1263 3346 Fuisse
1284 3283 1413 3368 bigotus
1436 3285 1501 3371 jam
1529 3287 1609 3352 olirn
1637 3289 1671 3350 in

123 3415 200 3457 rum
228 3391 336 3456 antics
366 3403 433 3455 est:
477 3390 581 3472 Caput
601 3386 743 3450 Palladis
765 3385 872 3468 gales-
930 3399 1044 3448 vetere
1082 3399 1212 3449 moneta
1249 3383 1392 3463 habitos,
1439 3385 1537 3451 docet
1577 3389 1672 3452 'I'eci-

125 3511 196 3558 turn
221 3493 341 3559 alatum
365 3491 474 3556 sddito
502 3489 549 3566 x,
583 3487 618 3549 in
644 3507 774 3550 aversa:
813 3506 872 3548 no·
925 3500 979 3550 tus
1000 3484 1051 3568 1)).;
1083 3489 1264 3550 Pecuniam
1287 3489 1431 3568 probant
1451 3501 1606 3565 veterem,
1638 3504 1671 3553 et

124 3619 205 3661 rnen
239 3594 383 3658 {anitiae
422 3590 533 3656 addito
567 3587 713 3666 ttomt,
755 3601 869 3671 typus:
894 3583 898 3589 ’
929 3591 988 3650 diu
1006 3599 1136 3664 notam,
1156 3602 1319 3664 serratos,
1338 3589 1542 3670 bigatosque,
1562 3591 1672 3652 Etiam

122 3697 281 3762 Dioscuri
301 3697 440 3780 equites.
749 3763 752 3770 ¹
925 3687 1053 3750 -Piinius
1072 3689 1269 3754 vetustiores
1287 3702 1462 3772 argenteos
1483 3711 1600 3754 numos
1624 3694 1672 3752 bi-

188 3801 252 3861 His
272 3797 357 3882 typis
377 3795 478 3858 inisse
499 3803 661 3855 monetam
678 3803 870 3874 urgentem
924 3796 1042 3872 gotes,
1060 3793 1338 3874 quadrigatcsque
1353 3791 1497 3874 appellat
1512 3794 1552 3873 c)·
1574 3795 1671 3856 Anno

124 3902 350 3976 consulerem,
372 3918 447 3962 curn
465 3917 505 3960 ea
523 3893 663 3976 primum
682 3891 778 3954 feriri
795 3912 870 3964 coe,-
927 3893 969 3958 V.
984 3891 1022 3957 C.
1038 3889 1101 3954 538
1121 3911 1197 3954 mox
1217 3904 1291 3975 post
1309 3889 1438 3956 cladem
1455 3893 1670 3971 Cannensem,

123 4006 191 4090 pit,
211 4003 290 4068 alias
312 4000 380 4064 disi
394 4003 441 4082 ⁸),
463 4011 591 4061 etcum
613 3993 757 4056 nondum
779 3992 871 4056 fanti·
927 4013 1002 4057 curn
1026 3991 1068 4056 de
1094 3991 1317 4077 permutandis
1345 3993 1481 4076 captivis
1504 4010 1668 4078 ageretur,

121 4107 240 4170 liarom
267 4103 317 4166 illi
344 4101 474 4164 nomina
496 4096 632 4161 inscribi
654 4115 868 4162 consuevere.
926 4095 1020 4180 petiit
1040 4093 1202 4158 Hannibal
1221 4093 1257 4155 in
1281 4094 1385 4176 cupita
1406 4096 1551 4159 Romana
1576 4098 1667 4162 CCC.

121 4207 188 4270 Hic
214 4225 285 4270 mos
316 4225 390 4269 oum
417 4203 557 4289 primum
585 4197 723 4263 stabiliri
745 4197 865 4282 coepit,
923 4217 1040 4261 numos
1061 4197 1282 4275 quadrigatos
1307 4195 1358 4274 d),
1382 4209 1416 4258 et
1436 4196 1559 4261 eodem
1581 4221 1666 4266 anne

120 4309 213 4392 cujus
233 4307 358 4393 epoche
371 4307 512 4384 incerta,
534 4300 655 4367 retenti
671 4311 739 4364 tunt
759 4297 865 4400 adbuq
919 4300 964 4372 311.
984 4297 1100 4363 Bantia
1126 4295 1254 4360 Nolano
1274 4298 1436 4362 numerati
1448 4312 1531 4383 ‚suut
1551 4302 1592 4363 D.
1618 4304 1681 4368 ῠί-’

126 4537 1669 4574 *mu-*mm

153 4731 401 4805 s)Soer.1.e.V.
490 4730 526 4804 b)
547 4727 585 4785 de
599 4723 705 4786 morib.
720 4725 821 4784 Germ.
839 4743 863 4784 e.
875 4733 901 4791 3.
993 4726 1023 4796 c)
1044 4721 1310 4802 uxxttttttrs.
1402 4723 1665 4803 t)tiv.t.,xxtt.

121 4836 200 4887 e.52·
1413 4869 1414 4872 η
1516 4868 1520 4878 .
