4212 5516
598 585 750 662 ttvut
780 581 1179 676 contenturos.
1610 597 1630 682 t

92 781 161 828 non
183 771 340 846 perpetuo
359 755 421 824 init
440 753 524 822 hoio
538 755 611 836 lox,
640 753 683 822 rie
704 775 767 844 qno
785 753 834 818 in·
891 771 957 840 qno
983 751 1124 838 portium
1144 747 1363 814 deminutione
1388 747 1518 830 nititur,
1539 761 1573 814 et
1590 749 1631 817 uti
1754 781 1763 790 ·

93 863 196 928 irnoto
228 861 311 930 hoen
340 861 437 926 docet
462 858 588 924 Pliniun
604 859 651 942 ·)ι
685 855 834 942 Populus
890 873 990 940 quem
1007 853 1048 918 nb
1071 851 1257 936 omninno,¹
1276 849 1334 936 qni
1358 850 1440 916 huno
1465 865 1631 918 monetonr

92 963 313 1030 Romanusne
328 973 466 1046 argenta
483 964 616 1046 quidem
627 963 762 1045 dgnato
776 979 833 1024 an·
887 953 1011 1038 jndicio
1029 966 1201 1030 exercent,
1221 965 1429 1038 provocator.
1471 955 1552 1018 Cnnn
1564 954 1632 1016 Pii·

90 1079 125 1130 ιι
145 1065 313 1150 &orium
343 1083 452 1150 regam
477 1064 643 1128 uorum
667 1081 747 1126 usur
767 1072 833 1124 ast.
887 1055 946 1122 nio
961 1055 1124 1139 conjunge
1140 1053 1326 1124 Vitruvium
1347 1050 1398 1135 ¹²),
1416 1055 1631 1134 Maecianum.

89 1165 268 1246 iteratos,
289 1167 375 1233 tanda
390 1170 495 1232 otiam
514 1183 603 1228 nuno
619 1163 736 1228 libella
751 1162 834 1229 dici·
890 1171 925 1224 ot
937 1158 1131 1241 Pompeium
1147 1155 1294 1222 Fontem.
1311 1153 1367 1236 (in
1384 1151 1582 1236 Graecari,
1599 1170 1633 1222 et

89 1280 161 1344 tur,
179 1281 213 1332 et
228 1269 430 1348 dupondius,
450 1264 718 1349 appendebantur
733 1281 834 1332 arses.
891 1257 1160 1338 Sextantorius.)
1625 1325 1627 1332 y

93 1367 206 1450 Quare
228 1371 319 1432 arrio
339 1367 458 1450 grauis
485 1385 597 1448 poena
625 1366 720 1428 dicta
741 1393 757 1414 ·
780 1395 797 1412 ·
818 1391 835 1414 ·
952 1359 1006 1424 Ex
1023 1358 1074 1422 hio
1092 1377 1174 1442 ergo
1190 1355 1289 1419 Plinii
1304 1353 1414 1420 verbio
1429 1356 1537 1422 torino
1552 1375 1630 1422 oon·

88 1467 227 1534 Servius
244 1469 445 1550 rerprtmus
458 1467 609 1550 signauit
626 1484 692 1528 aas.
717 1465 834 1528 Antea
890 1461 997 1526 iioitnr
1025 1472 1127 1522 otetuo
1154 1469 1304 1522 monetae
1328 1458 1553 1520 Romnnornnn
1577 1477 1630 1521 oo·

88 1571 166 1634 rudi
179 1589 258 1632 uror
270 1567 396 1630 Romae
409 1565 562 1652 iimaerte
574 1566 693 1632 tradit.
717 1561 837 1648 Signa·
890 1583 973 1628 neae
989 1561 1105 1626 saltem
1120 1579 1222 1644 utque
1238 1559 1278 1624 ed
1300 1571 1439 1624 oetatem
1457 1559 1631 1641 imperoto-

91 1679 225 1734 tument
247 1667 519 1748 notapeoudum,
543 1667 631 1729 unda
648 1667 836 1748 etprounia
891 1685 976 1730 rum.
1063 1691 1066 1698 ’

90 1769 270 1851 apprttotn.
291 1799 306 1816 ·
323 1797 337 1816 ·
349 1797 365 1814 ·
381 1767 574 1848 Argentum
593 1768 764 1848 signatum
782 1776 837 1828 est
954 1767 979 1828 1.
1004 1765 1046 1826 Δι
1061 1761 1197 1840 libralis,
1213 1759 1540 1828 montanearum.
1563 1761 1633 1824 Dn-

91 1887 181 1930 anno
210 1867 302 1930 urbis
330 1862 624 1930 cccctmr.
667 1863 710 1945 Q.
732 1864 837 1926 Fadia
891 1865 976 1928 rovit
1003 1884 1021 1924 ι
1051 1863 1124 1928 Ser.
1149 1862 1260 1924 Tullio
1286 1881 1389 1946 neque
1414 1864 1448 1924 in
1482 1875 1633 1946 tempore

88 1967 237 2044 consulo,
253 1967 510 2047 quinquennis
526 1961 836 2046 antaprimumbei·
892 1963 975 2026 helii
993 1961 1109 2024 Pnnioi
1126 1963 1171 2038 L.
1199 1959 1287 2042 quod
1311 1960 1422 2044 coepit
1443 1963 1485 2030 V.
1502 1962 1540 2027 0.
1568 1971 1635 2046 iq·

87 2071 159 2131 lum
181 2069 352 2130 Punicum.
380 2063 428 2126 Et
435 2064 568 2149 placuit
588 2063 761 2126 denarium
772 2081 835 2144 pro
893 2083 935 2128 ex
963 2075 1119 2145 compotu
1144 2059 1265 2144 ¹l’igluii.
1307 2060 1485 2138 Donatius,
1516 2080 1634 2148 nomon

86 2171 200 2232 decern
213 2165 311 2230 libris
328 2167 433 2242 aeris,
456 2165 649 2244 quinarium
659 2181 723 2245 pra
741 2161 835 2240 quin·
890 2177 1078 2246 argentone,
1095 2159 1317 2248 quinquennio
1334 2173 1412 2224 onte
1428 2158 1492 2226 hoo
1507 2160 1634 2226 bellurn

86 2288 168 2346 qur,
181 2269 372 2330 sedentium
384 2285 445 2348 pro
461 2264 626 2348 dupondio
640 2275 675 2326 et
687 2263 832 2326 semisse.
889 2263 984 2328 ieriri
998 2277 1152 2349 coeptus,
1174 2261 1420 2350 permutabatur
1442 2261 1535 2328 donin
1558 2263 1636 2328 otei-

86 2367 226 2432 Liirair
245 2377 358 2432 autent
370 2367 501 2450 pondus
516 2367 606 2427 aeris
621 2365 834 2428 imminutum
891 2365 951 2430 but
972 2365 1159 2445 librationi,
1178 2365 1266 2450 unda
1283 2376 1316 2426 et
1328 2381 1450 2450 nomon
1464 2366 1600 2452 oooepit.

88 2469 176 2532 bello
193 2470 321 2533 Punico
337 2470 463 2552 primo,
484 2485 557 2530 runt
574 2465 732 2551 impensis
749 2485 833 2550 resp.
955 2469 994 2534 11.
1029 2469 1076 2532 Δι
1106 2465 1336 2544 oextnntnrino,
1369 2485 1429 2530 eeu
1457 2467 1498 2532 11.
1528 2465 1642 2549 uncin-¹

88 2591 157 2634 non
172 2569 358 2656 efferret,
379 2571 679 2648 constitutumque,
692 2579 731 2630 ut
744 2585 835 2632 assos
891 2589 976 2658 rom.
1018 2569 1136 2654 Coepit
1159 2569 1212 2632 hie
1237 2581 1338 2632 otutoo
1359 2567 1511 2633 fervente
1541 2567 1643 2654 bello·

88 2671 450 2756 sextantariapondorr
453 2669 653 2753 ferirentur.
675 2669 836 2748 itaquin·
891 2671 1016 2734 Punico
1033 2673 1077 2744 1..
1103 2669 1298 2754 duravitque
1321 2687 1422 2754 noque
1443 2669 1479 2732 in
1500 2669 1635 2734 dictutu-

88 2795 151 2854 pue
168 2771 417 2856 parto-osorton
438 2771 544 2848 inari.
574 2767 837 2848 dissolutumque
892 2793 961 2836 rom
992 2771 1035 2867 Q.
1054 2771 1148 2836 Fabii
1171 2769 1321 2847 Maximi,
1359 2789 1453 2854 qoem
1481 2771 1510 2834 io
1541 2771 1635 2838 inivit

89 2897 147 2940 aes
165 2875 324 2938 alienum.
356 2869 449 2938 Nato
464 2873 555 2936 arria
566 2871 644 2956 finit
663 2889 708 2934 aa
728 2869 837 2933 aitora
892 2875 933 2947 V.
953 2876 990 2940 C.
1008 2873 1083 2958 537.

85 2991 186 3060 parte
197 2973 302 3038 Ianus
316 2977 486 3058 geminus,
510 2992 555 3038 aa
568 2975 678 3038 altera
691 2983 836 3036 rostrum
956 2979 1012 3039 111.
1041 2978 1088 3040 Δι
1104 2975 1257 3056 unointir,
1285 2992 1344 3040 oen
1357 2974 1380 3034 1.
1398 2972 1531 3052 annino,
1556 2972 1634 3038 inde

89 3082 196 3154 nauis,
211 3079 249 3140 in
259 3078 385 3141 triante
399 3095 475 3142 erra
490 3087 525 3140 et
539 3075 725 3155 quadrante
734 3085 836 3139 ratur.
893 3101 913 3144 ι
941 3076 983 3170 Q.
1004 3078 1106 3143 Fabio
1134 3076 1293 3142 dictatore
1321 3095 1424 3160 noque
1454 3072 1496 3140 nti
1523 3074 1635 3158 legent

12 3185 16 3194 '
91 3181 272 3264 Quadrans
297 3191 376 3240 anto
392 3177 561 3240 teruncius
582 3189 757 3240 aaooeusu
776 3176 837 3238 tri·
892 3179 1073 3264 Papirium,
1102 3181 1265 3244 inoertnrn
1290 3175 1435 3264 quondo,
1472 3189 1508 3240 et
1530 3195 1636 3265 equo

88 3283 151 3344 bus
159 3279 281 3346 unciis.
299 3280 420 3342 Postea
429 3277 620 3340 Hannibale
631 3289 780 3360 urgente,
795 3277 834 3360 Q·
892 3280 1025 3365 Papirio
1054 3283 1162 3348 lotum.
1205 3278 1410 3348 Vooobnlnnn
1440 3295 1534 3356 maa,
1565 3299 1630 3364 qno

89 3381 195 3445 Fabia
215 3379 373 3446 Maximo
399 3381 582 3454 dictatore,
608 3398 700 3442 assas
723 3380 838 3440 unairr
894 3383 1018 3448 Piininn
1039 3384 1156 3460 utitur,
1185 3383 1272 3446 innuo
1294 3395 1412 3446 ttotnm
1438 3399 1504 3444 non
1527 3379 1635 3446 edmo-

89 3484 138 3546 ias
150 3484 265 3567 fanti,
285 3481 479 3562 plaouitpue
502 3483 677 3546 denarium
695 3481 836 3544 rodanim
895 3483 971 3548 dum
990 3484 1138 3570 porrigit.
1175 3483 1227 3546 Ab
1249 3503 1290 3548 eo
1308 3495 1458 3568 tempore
1481 3483 1639 3554 constitu,

89 3581 225 3648 naribus
243 3587 447 3664 permutari,
474 3585 665 3663 quinarium
688 3574 835 3661 artonis,
894 3601 981 3662 tom,
1008 3600 1044 3650 nt
1063 3583 1214 3650 denarius
1235 3583 1359 3650 miboo
1373 3585 1460 3656 XVI.
1474 3598 1636 3672 permuta.

87 3683 280 3748 sestertium
294 3687 475 3762 quaternis.
498 3685 836 3766 trarrspnttmtdturn
894 3701 997 3754 rotor.

88 3787 225 3848 tnrrntn
241 3795 302 3847 est.
324 3783 366 3846 In
384 3783 528 3848 militari
543 3797 654 3848 tamen
670 3787 835 3870 stipendia
958 3789 1015 3858 Ν.
1050 3791 1096 3854 Ao
1125 3789 1347 3868 renunciatio,
1387 3811 1448 3854 ten
1482 3787 1635 3874 dimidiet,

89 3887 575 3970 semperdrnariuopradeoent
589 3885 836 3952 asriiurdatuo.
894 3891 1029 3967 unciae,
1051 3889 1127 3954 inde
1143 3912 1161 3954 ι
1175 3889 1261 3956 dioto
1276 3893 1353 3976 lege
1364 3890 1503 3974 Papirio.

92 3987 184 4052 Ziata
202 3985 444 4072 argentisuere
465 3987 565 4070 bigae
588 3998 688 4066 atoue
707 3989 840 4068 quadri·
959 3991 1113 4056 Traditoe
1131 3993 1206 4058 huie
1223 4015 1241 4058 ι
1262 3992 1370 4056 Plinio
1389 3989 1556 4056 doctrinae
1569 4010 1636 4058 non

91 4109 174 4172 gae,
193 4101 228 4154 et
243 4089 322 4152 inda
333 4089 442 4172 bigati
447 4133 458 4166 ,
476 4089 733 4172 quadrigatique
747 4089 840 4161 dieti.
895 4111 996 4180 peuce
1016 4093 1170 4158 videntur
1186 4094 1368 4170 advorsari,
1394 4112 1435 4156 on
1459 4095 1485 4162 l.
1502 4093 1636 4179 quidem

94 4191 185 4254 Mor
210 4187 285 4274 loge
303 4191 488 4274 Papiriano
510 4189 729 4256 semunciaior
750 4209 841 4256 astas
897 4195 1099 4282 experientia
1117 4197 1203 4280 ipen5
1234 4214 1307 4256 nom
1330 4207 1457 4260 exntont
1480 4196 1514 4260 in
1532 4199 1635 4266 vorio-

87 4293 192 4376 sncti.
895 4319 970 4362 rom
989 4297 1109 4360 muscis
1127 4315 1216 4362 osteo
1233 4291 1337 4372 obvii,
1360 4295 1448 4384 iique
1472 4297 1557 4364 hond
1580 4299 1637 4364 dn·

159 4393 289 4460 Leonnn
302 4389 403 4458 Plinii
417 4406 521 4458 totum
539 4389 675 4460 reoitovi
691 4405 841 4480 proptor·
897 4399 952 4468 bie
990 4399 1141 4476 Romani,
1189 4396 1244 4484 qni
1278 4399 1389 4466 uncino
1433 4423 1490 4486 u,
1532 4423 1585 4480 ιο,
1614 4405 1637 4466 8

99 4519 154 4576 en,
183 4496 336 4582 quonian
356 4496 410 4562 itio
429 4496 515 4562 borio
532 4510 583 4560 eet
600 4516 638 4562 no
653 4495 839 4564 tnndnnen-
899 4515 961 4575 eto.
978 4500 1182 4586 appendunt,
1212 4500 1290 4566 item
1313 4503 1464 4568 eemioteo
1489 4505 1636 4590 pondero

102 4617 187 4680 tum,
214 4617 279 4684 qno
302 4599 568 4664 omniodootrino
588 4591 630 4663 tie
654 4600 733 4663 ιιιὶι
756 4599 841 4682 ejot-
899 4585 1065 4666 nnoiernrn
1089 4607 1127 4682 5,
1153 4614 1176 4680 i
1203 4617 1265 4672 eto.
1291 4607 1338 4671 oio
1363 4607 1395 4667 in
1421 4607 1635 4692 proportione

135 4819 165 4886 a)
184 4811 216 4868 L.
227 4809 357 4872 XXXIII.
372 4811 395 4884 i.
408 4819 449 4873 ιε.
524 4807 558 4882 b)
577 4809 608 4866 L.
621 4805 670 4871 111.
688 4831 712 4868 c.
725 4827 747 4873 ι.
