4180 5484
428 553 498 634 no
1048 469 1362 612 conuenit.

420 735 542 801 pesum
567 709 726 786 tenentis,
752 709 789 770 in
811 705 881 788 ejus
897 703 973 770 buti
989 723 1092 786 prore
1112 727 1170 768 nu·
1226 703 1331 790 spolia
1349 702 1455 790 opima
1472 699 1542 769 lovi
1556 701 1710 768 Feretrio
1727 703 1865 781 obtulit.
1888 707 1976 792 quod

423 819 486 882 eis.
509 816 580 880 art.
599 815 670 878 tut.
1225 820 1334 872 narrat
1349 805 1460 868 Livius
1475 809 1527 887 p),
1548 820 1583 870 et
1599 805 1792 891 Propertius
1809 809 1850 889 e).
1882 809 1975 875 Veri-

463 901 465 908 ’
488 915 821 982 Restitntusetioma
834 908 1180 997 Trojanohlhlllill.
1228 910 1353 986 simila,
1379 909 1411 972 ei
1431 921 1608 992 propterea
1630 922 1766 972 statuam
1787 924 1977 996 equestrem

566 1012 816 1085 AVGVSTVS.
841 1011 937 1075 COS.
961 1009 1015 1074 XI.
1064 997 1172 1094 Capiti
1227 1011 1359 1095 publice
1382 1012 1537 1094 positum,
1558 1029 1652 1095 quam
1672 1011 1827 1074 denarius
1847 1011 1904 1076 hic
1923 1034 1977 1077 ex·

567 1120 767 1180 laureatum.
1227 1111 1330 1177 hibet.
1350 1113 1525 1176 Praeclare
1539 1111 1681 1175 advertit
1697 1113 1915 1196 spanhemius
1938 1113 1975 1196 f),

351 1230 358 1244 '
425 1223 473 1287 Μ.
499 1217 701 1282 hGRlPPA.
736 1214 831 1278 COS.
862 1213 963 1276 TER.
993 1211 1171 1280 COSSVS.
1227 1227 1320 1277 recte
1339 1213 1403 1276 hoo
1423 1212 1545 1278 veteris
1562 1213 1654 1276 Cossi
1679 1215 1799 1280 lactum
1826 1235 1903 1278 cum
1928 1236 1978 1278 oa·

425 1320 674 1390 LENTVLVS.
718 1319 826 1398 Caput
849 1315 1022 1396 Agrippae
1049 1334 1171 1376 corona
1229 1314 1296 1398 pite
1319 1313 1459 1398 Augusti
1482 1313 1591 1399 jungi,
1619 1315 1694 1398 quia
1717 1317 1772 1379 hie
1793 1315 1975 1400 imperator

424 1427 551 1485 turrita
577 1419 720 1482 intextis
741 1418 876 1479 navium
896 1416 1017 1476 rostris
1039 1416 1171 1478 redimi·
1228 1427 1313 1480 teste
1331 1416 1426 1478 Livio
1451 1416 1483 1498 e)
1507 1416 1623 1486 aedem
1649 1417 1734 1482 lovis
1755 1417 1902 1484 Feretrii
1925 1439 1977 1480 re·

424 1519 712 1584 sum.ntt.ttn1t.
833 1565 849 1585 .
1228 1516 1319 1581 lecit.
1348 1519 1534 1604 Expressae
1550 1517 1585 1582 in
1604 1518 1675 1582 basi
1691 1519 1779 1586 naris
1806 1539 1903 1584 causa
1930 1519 1976 1580 in·

488 1614 1170 1695 flesettntusettnnarenaunettntmt.
1229 1632 1328 1684 centn.

488 1722 566 1785 Fuit
591 1719 669 1782 olim
691 1721 811 1782 Cossus
835 1735 1021 1800 cognomen
1050 1716 1172 1779 Corne·

424 1824 508 1903 liae,
534 1835 569 1888 et
593 1832 815 1886 memorantur
838 1831 941 1881 stante
965 1839 1035 1902 rep.
1057 1817 1170 1901 plures
1228 1821 1392 1886 Lentulus
1413 1821 1645 1886 Marcellinus.
1671 1871 1676 1876 -

402 1925 575 1990 „Cornelii
599 1925 694 1989 Cossi
721 1919 899 2006 praeclaris
926 1918 1019 1982 factis
1047 1918 1171 2002 inclyti.
1372 1923 1700 1991 MARCELLINVS.
1725 1925 1833 2010 Caput
1852 1929 1975 1990 nudum

425 2027 470 2091 At
492 2027 631 2112 Augusti
655 2045 736 2092 aevo
762 2023 863 2088 divisa
887 2020 1103 2084 Lentulorum
1127 2019 1172 2082 la·
1372 2023 1527 2103 imberba
1544 2046 1631 2108 pone
1649 2029 1823 2104 triquetra.

428 2131 519 2194 milia
551 2129 665 2194 harum
699 2147 761 2190 uua
791 2119 989 2210 cognomen'
1010 2121 1103 2184 Cossi
1136 2121 1172 2182 in
1231 2107 1509 2192 MARCELLVS.
1535 2124 1630 2189 COS.
1652 2124 1804 2222 QVINQ.
1833 2129 1976 2192 Marcet.

426 2251 628 2317 praenomen
657 2227 770 2303 vertit,
797 2227 888 2307 cujus
909 2223 1061 2306 exempla
1084 2222 1173 2284 insti·
1230 2227 1284 2291 lus
1297 2229 1407 2310 spolia
1422 2231 1532 2309 opima
1550 2230 1595 2290 ad
1607 2231 1765 2309 templum
1778 2229 1870 2294 Iovis
1884 2234 1976 2296 birre-

424 2335 487 2396 tuti
517 2333 612 2416 plura
641 2342 793 2393 recenset
819 2325 1034 2409 Spanhemius
1057 2328 1105 2404 ¹)⁴
1134 2336 1173 2387 et
1229 2331 1292 2390 trit'
1311 2342 1458 2409 gestans.
1480 2329 1550 2392 Ait.
1571 2331 1609 2396 C.
1649 2330 1833 2394 Restitutns
1858 2333 1974 2396 irene

424 2435 628 2497 luculentum
658 2453 755 2514 supra
786 2428 923 2491 vidimus
950 2427 983 2488 in
1010 2415 1170 2510 Aemilio,
1229 2428 1381 2514 Trojano.
1403 2431 1474 2491 att.
1493 2431 1596 2514 Rtttt.

427 2536 482 2618 qui
498 2533 603 2596 Paulli
619 2519 802 2614 cognomen
823 2530 856 2592 in
880 2548 1081 2612 praenomen
1097 2549 1171 2591 ver·
1374 2533 1481 2614 Caput
1508 2532 1663 2595 Herculis
1688 2533 1821 2612 sumis
1849 2539 1972 2600 0001000
2071 2547 2072 2566 ’

424 2637 464 2697 tit
494 2633 599 2696 dictus
628 2633 761 2694 Paullus
791 2630 960 2694 Aemilius.
1003 2628 1170 2712 Deinceps
1369 2651 1444 2694 eum
1466 2635 1562 2697 clavo
1576 2645 1610 2696 et
1627 2635 1759 2696 exuviis
1775 2637 1904 2714 leonis,
1923 2643 1973 2702 in·

392 2733 400 2742 “
425 2755 492 2798 000
508 2733 542 2797 ἰο
558 2732 609 2796 his
629 2731 727 2796 modo
747 2733 871 2808 numia,
895 2730 955 2794 sed
976 2743 1010 2793 et
1030 2732 1064 2792 in
1084 2752 1173 2795 mar·
1360 2735 1425 2816 fea
1442 2733 1587 2812 nortl,
1604 2735 1640 2796 in
1659 2754 1739 2796 oreo
1763 2739 1920 2822 0110000,
1941 2755 1973 2803 et

426 2835 588 2912 moribus,
616 2855 698 2920 quae
722 2835 838 2898 recitat
856 2835 1098 2916 Havercampos
1120 2831 1172 2914 b)‚
1368 2835 1525 2898 solitario
1535 2837 1638 2899 litem
1649 2836 1822 2920 alphabeti
1832 2841 1902 2920 jorn
1912 2841 1974 2904 Ln-

424 2938 637 3024 reperinntur
662 2937 756 3002 Cossi
778 2935 931 3013 Lentuli,
965 2947 999 2999 et
1020 2957 1038 2997 a
1062 2933 1170 2997 Dione
1370 2939 1454 3011 tini,
1470 2937 1542 3015 jam
1562 2935 1697 3002 Graeci.

427 3042 469 3106 ad
483 3062 601 3106 annom
616 3040 657 3109 V.
667 3040 705 3106 C.
721 3039 784 3124 753
801 3037 952 3124 proditur
965 3036 1080 3102 consul
1096 3035 1173 3099 Cos·
1228 3037 1357 3104 LENT.
1374 3039 1480 3102 ΜΔΕ.
1500 3037 1539 3103 F.
1565 3039 1694 3121 Figura
1711 3040 1782 3102 ulte
1801 3045 1972 3106 succincto

427 3165 485 3207 sus
504 3143 677 3205 Cornelius
696 3144 753 3205 Cn.
771 3145 806 3206 F.
822 3141 1049 3221 terestres),
1073 3157 1171 3223 quent
1227 3152 1323 3201 stans
1333 3141 1443 3222 cupite
1459 3141 1583 3204 turrito
1598 3141 1629 3204 d.
1643 3142 1775 3202 hastam
1792 3159 1972 3208 coronatur

423 3245 526 3308 luisse
541 3263 615 3308 eum
632 3243 755 3324 ipsum,
772 3242 827 3326 qui
842 3239 990 3326 pluribus
1007 3253 1101 3303 antea
1118 3260 1172 3302 ao·
1228 3240 1270 3302 ab
1284 3241 1701 3306 adstantevitoseminudo
1715 3264 1741 3303 s.
1752 3251 1971 3328 cornucopiue

425 3345 476 3407 nia
495 3343 556 3408 hos
577 3343 729 3406 denarios
750 3341 919 3406 leriuudos
939 3341 1079 3417 curarit,
1101 3340 1172 3424 ipsa
1228 3351 1377 3415 tenente,
1402 3341 1441 3402 in
1464 3360 1546 3428 oreo
1564 3345 1677 3406 eudem
1692 3345 1811 3421 litem,
1833 3367 1919 3425 quae
1935 3352 1973 3410 in

425 3445 622 3530 epigraphes
653 3442 828 3508 concordia
857 3442 953 3506 sanilo
983 3441 1170 3526 persuadet.
1228 3441 1359 3517 aneton,
1380 3444 1778 3510 omniuintrueoronom.
1806 3447 1929 3514 ΔΜ.

429 3547 560 3632 Signari
581 3565 647 3609 non
671 3557 810 3628 potuero
835 3557 910 3608 aute
936 3567 1055 3608 aunum
1078 3546 1119 3612 ,V-
1135 3545 1171 3610 (ἔ.
1291 3543 1503 3607 Marcellinus
1515 3543 1611 3610 binae
1626 3559 1742 3629 gentes
1752 3549 1972 3634 suppeditant,

425 3651 505 3732 731,
536 3637 754 3742 puotantlem
778 3647 942 3730 Augustus
968 3647 1172 3712 consulatum
1227 3645 1364 3710 Claudia
1389 3659 1423 3710 et
1445 3647 1609 3714 Cornelia.
1639 3649 1791 3712 Priorem
1813 3652 1971 3718 hahemus

424 3755 482 3818 xl.
508 3752 595 3824 iniit,
622 3769 730 3832 nequa
755 3747 859 3810 serius
886 3767 971 3811 anno
995 3756 1075 3830 742,
1104 3768 1169 3834 quo
1227 3769 1270 3813 ex
1295 3747 1391 3813 Livio
1414 3745 1448 3830 11)
1479 3763 1681 3814 memorante
1710 3765 1899 3836 praetorem
1924 3757 1971 3822 hl.

425 3854 570 3940 Agrippa
587 3851 675 3914 diem
692 3849 802 3914 obivit.
1227 3851 1398 3916 Claudium
1418 3851 1649 3916 Marcellinum
1665 3852 1849 3918 adsunam
1868 3858 1911 3926 V.
1932 3859 1969 3924 C.

487 3958 568 4020 Pars
592 3974 704 4018 aversa
729 3949 820 4014 numi
841 3950 963 4036 prioris
986 3950 1070 4013 sistit
1094 3950 1170 4014 insi·
1227 3953 1309 4034 660,
1352 3976 1370 4017 a
1408 3971 1490 4038 qno·
1511 3951 1633 4017 eodem
1674 3953 1844 4020 denarium
1879 3961 1971 4044 prio-

425 4079 492 4146 gne
510 4058 684 4122 Cossorum
707 4053 807 4118 decus
825 4055 864 4116 A.
883 4051 1074 4116 Cornelium
1092 4053 1171 4117 Cos·
1225 4075 1298 4118 rem
1331 4053 1366 4116 in
1396 4067 1567 4140 quaestura
1603 4078 1660 4120 sun
1694 4077 1808 4122 cusum
1834 4061 1970 4145 conjicit

423 4182 514 4237 snm,
538 4160 594 4244 qui
609 4159 650 4226 V.
669 4158 705 4222 C.
724 4155 785 4220 306
806 4155 938 4218 Lartem
959 4154 1168 4218 'Polumnium
1225 4155 1361 4242 Pighius
1388 4151 1430 4241 ἱ),
1464 4179 1546 4248 qnae
1578 4158 1767 4242 conjectura
1795 4177 1887 4230 certe
1922 4167 1971 4228 ni-

423 4263 611 4346 Vejentium
635 4281 750 4345 regem
772 4257 806 4320 in
827 4257 953 4342 praelio
974 4257 1045 4340 ipse
1068 4256 1168 4321 inter·
1224 4261 1291 4324 taio
1312 4259 1410 4336 fallit,
1435 4281 1509 4324 cum
1534 4258 1688 4322 similium
1709 4263 1884 4328 nuniorum
1902 4279 1969 4330 tota

423 4363 519 4439 lecit,
551 4375 585 4428 et
606 4361 730 4446 primus
757 4359 938 4424 aliomulo
966 4359 1108 4424 detracta
1135 4359 1167 4421 ei
1224 4362 1308 4426 ratio
1346 4377 1379 4427 et
1408 4361 1502 4428 labor
1531 4361 1729 4448 perelegans
1762 4377 1826 4428 tam
1859 4389 1969 4434 remo-

325 4569 331 4574 ’
460 4597 491 4666 .)
510 4594 595 4652 ron.
607 4593 645 4654 11.
660 4609 691 4670 p.
703 4593 749 4658 ss.
821 4591 1017 4671 ereans.
1100 4595 1414 4674 nepaesinae
1450 4585 1454 4592 ’
1496 4597 1531 4669 a)
1551 4597 1740 4658 arnan.
1822 4605 1852 4673 e)
1872 4603 1967 4664 urs.

422 4685 646 4762 sleg.tt.r.23·
728 4679 1022 4762 Memfi-peti·
1101 4687 1369 4763 simultate.
1442 4685 1765 4760 hummare.
1838 4693 1865 4765 i)
1883 4695 1966 4754 ‘ML

407 4785 525 4864 ..pett-
