4180 5484
450 567 522 634 tttt

450 719 651 792 dubitemus,
690 713 718 778 si
751 713 882 780 herbata
914 728 1006 791 sunt,
1042 713 1082 778 iis
1111 713 1194 776 indi·

448 821 517 886 cari
538 823 669 896 Ianum,
692 829 724 880 et
745 819 772 878 si
793 815 971 894 imberbie,
1004 815 1108 894 aliud,
1137 837 1193 880 ne·

448 942 513 1007 que
552 917 638 982 istud
672 917 866 998 difficulter,
906 939 1004 1002 posse
1036 903 1191 980 indicare.

425 1023 504 1086 ·Sic
532 1021 566 1082 in
594 1041 693 1084 numo
722 1041 841 1098 aureo,
879 1020 972 1103 cujus
999 1041 1098 1104 supra
1125 1039 1194 1082 me·

444 1124 541 1200 nini,
565 1125 598 1184 in
622 1123 713 1204 cujus
735 1122 840 1184 sntics
855 1134 905 1184 est
931 1127 1193 1202 coputgeminu·

445 1239 516 1288 tum
530 1227 687 1300 imberba,
709 1223 744 1286 in
762 1243 893 1288 ovet-sn:
914 1221 1059 1298 ROMA,
1087 1237 1121 1286 et
1139 1245 1194 1286 sc-

444 1309 605 1416 erificium
622 1337 771 1390 nanctctc
784 1345 889 1407 porca
901 1335 1092 1405 peractum,
1115 1343 1194 1407 quo·

445 1427 532 1492 uiam
558 1427 613 1490 hic
634 1447 767 1494 eversae
793 1439 887 1507 typus
912 1436 1022 1486 certus
1047 1437 1098 1490 est
1121 1423 1194 1487 initi
1245 1474 1250 1484 .

444 1528 594 1591 foederis
613 1523 832 1609 ritus,'slque
850 1525 878 1587 is
896 1545 1031 1603 numus,
1060 1539 1095 1587 ot
1114 1524 1193 1587 alibi

442 1627 604 1706 diximus,
646 1643 680 1692 et
715 1629 860 1692 dicemus
898 1625 982 1690 inira
1015 1628 1049 1690 in
1085 1627 1192 1692 nuruis

444 1731 557 1816 gentis
582 1729 758 1804 Voturiae,
775 1725 875 1792 *hautl
896 1726 996 1790 dubie
1016 1741 1108 1792 extra
1126 1731 1192 1792 llo·

440 1853 534 1897 -tnsut
557 1833 599 1895 sit
620 1833 781 1917 signatus,
814 1849 952 1894 necessa
970 1849 1038 1892 uon
1059 1842 1125 1907 est,
1156 1830 1191 1894 in

444 1935 552 1999 urtica
587 1936 747 2018 signatum
785 1935 897 1996 lenum
933 1930 1089 2008 eredere,
1131 1931 1192 1994 sed

444 2049 556 2120 potest
582 2056 676 2098 more
706 2035 910 2098 Graecorum
938 2045 1090 2096 revocata
1115 2052 1190 2094 cunt

443 2137 601 2205 Romanis
615 2136 700 2201 unio
722 2133 935 2218 ἀλληγορικως
955 2133 1104 2216 intelligi.
1133 2135 1189 2198 At·

441 2258 509 2322 qne
535 2252 572 2300 ut
595 2261 613 2302 a
637 2240 736 2318 longo
757 2234 825 2298 luni
851 2233 1116 2318 interpellatione
1147 2235 1189 2300 ed

420 2369 424 2380 ·
443 2353 637 2422 praesentes
651 2339 691 2402 C.
703 2337 833 2400 Fonteii
849 2334 1001 2398 denarios
1012 2341 1191 2412 reverter,

443 2441 613 2503 silanum
641 2441 674 2501 in
703 2437 754 2500 iris
775 2437 950 2521 placuisset
982 2457 1189 2522 proponere,

419 2569 423 2576 ·
444 2543 560 2604 nescio
579 2561 638 2603 cur
659 2538 859 2614 imberbem,
884 2559 987 2621 quent
1009 2540 1192 2603 liberaliter

445 2641 635 2716 barbatum,
666 2653 702 2702 ut
722 2640 814 2723 longi
833 2639 903 2722 ejus
927 2639 999 2704 seri
1017 2660 1088 2702 mos
1104 2641 1191 2704 fere·

442 2743 520 2821 het,
550 2741 639 2804 omni
666 2754 816 2830 ternpore
841 2739 1187 2822 inisse-propositum,

443 2863 488 2909 ex
520 2843 618 2908 centis
643 2841 865 2905 monumentis
901 2855 1051 2905 constare
1090 2864 1188 2926 supra

433 2945 528 3023 uixi,
551 2961 585 3010 ct
600 2947 760 3010 docemur
775 2943 913 3028 amplius
928 2941 1039 3007 verbis
1056 2943 1189 3012 Cicero·

439 3050 492 3112 nis
508 3049 554 3131 'lt
575 3049 716 3130 Aliquis
731 3048 816 3108 milli
834 3047 876 3110 ab
897 3046 1017 3130 inferis
1037 3049 1189 3110 excitan-

418 3154 503 3214 adm
516 3163 582 3226 est,
605 3168 649 3212 en
669 3147 924 3222 barbatianus..
947 3167 1013 3208 non
1031 3147 1098 3210 ¹lun·
1112 3147 1187 3210 bur·

439 3253 538 3326 buln,
560 3269 625 3329 quo
638 3252 707 3312 istn
722 3249 928 3324 delectatur,
949 3249 1010 3310 scd
1027 3249 1092 3310 itta
1109 3247 1186 3310 laon-

434 3353 533 3426 rina,
555 3369 654 3428 quam
670 3350 706 3409 in
721 3349 847 3408 statuis
861 3352 1027 3427 antiquis,
1052 3360 1086 3412 ee
1102 3350 1185 3412 ima-

438 3451 577 3536 ginibus
589 3435 747 3512 cidemul.
768 3445 830 3507 Coi
844 3445 928 3510 stltle
938 3448 1123 3516 Varronem
1138 3445 1182 3528 b),

441 3550 629 3620 etGelliutn
646 3548 686 3626 e).
708 3545 752 3608 At
767 3565 840 3610 curu
854 3567 935 3628 gens
947 3549 1086 3615 Fonteio
1103 3547 1184 3612 deos

438 3659 599 3728 Penates,
624 3649 695 3714 sire
720 3647 900 3711 Dioscoroe
923 3668 1042 3730 magno
1069 3649 1103 3715 in
1126 3647 1184 3712 ito·

1092 544 1368 625 tonante.
1458 519 1465 530 '

1251 737 1324 778 rum
1350 712 1437 800 qnotl
1456 715 1586 792 attinet,
1613 713 1732 782 inscite
1756 737 1800 781 ex
1820 715 1927 802 puppi
1947 717 1997 782 ‹le-

1251 818 1432 901 pendentes
1448 819 1675 903 Hsvereampc
1693 817 1845 883 diadema
1868 821 1995 904 regions

1247 921 1337 984 -visae
1356 921 1524 995 lecerunt,
1546 931 1582 980 ut
1601 918 1772 999 crederet,
1802 921 1993 1008 insequentes

1249 1018 1309 1081 hos
1327 1040 1444 1083 numos
1466 1021 1661 1106 signatorio
1683 1035 1831 1106 sumptus
1849 1023 1934 1088 belli
1946 1026 1993 1090 ln·

1250 1121 1411 1204 gurthini,
1441 1135 1478 1184 et
1502 1119 1684 1186 diademate
1711 1123 1852 1188 indicari
1873 1124 1994 1196 bellun

1248 1223 1388 1305 regium.
1427 1223 1646 1307 Argumenta,
1669 1223 1786 1308 quibus
1799 1227 1992 1293 sententium

1251 1323 1410 1402 stabiliat,
1433 1325 1761 1392 valentiorudesunt.

1611 1427 1631 1463 fl

1507 1473 1530 1512 ff
1714 1473 1734 1510 fi

1313 1527 1349 1590 C.
1360 1524 1494 1592 FONT.
1505 1529 1538 1590 in
1553 1529 1742 1594 semissibus
1759 1540 1795 1593 et
1809 1525 1992 1590 trientibus.

1248 1627 1360 1690 Facile
1379 1629 1413 1692 hi
1437 1645 1572 1712 possunt
1592 1630 1634 1693 etl
1661 1630 1804 1694 eundem
1821 1629 1993 1692 Fonteium

1249 1729 1439 1811 pertinere,
1469 1731 1561 1814 cnjus
1582 1746 1658 1796 suut
1680 1730 1925 1818 praecedentes
1944 1729 1993 1796 tle·

1245 1829 1342 1896 uarii.
1365 1832 1437 1900 ΔΕ,
1452 1832 1495 1897 tt.

1505 1919 1737 2003 ’.ἢ

1357 1993 1362 2002 ¹
1392 2033 1513 2118 Capita
1531 2037 1596 2098 duo
1607 2037 1773 2115 juvenilia
1783 2035 1910 2118 jugata
1926 2035 1993 2096 lau·

1388 2147 1484 2198 recta
1520 2138 1770 2200 imminentibus
1802 2139 1929 2212 nstris,
1960 2139 1993 2196 in

1388 2254 1469 2298 erec
1480 2235 1527 2312 X,
1544 2242 1581 2300 in
1595 2239 1677 2302 aliis
1689 2247 1869 2320 praeterea
1885 2237 1926 2300 P.
1937 2237 1974 2300 Ρ.

1247 2333 1354 2396 MAN.
1367 2334 1546 2402 FONTEI.
1576 2338 1694 2416 Nouis,
1716 2357 1816 2419 quant
1828 2338 1993 2419 gubernu-

1236 2445 1301 2496 ,τοι
1314 2438 1429 2500 sedens
1442 2442 1649 2516 moderatur,
1669 2442 1705 2502 in
1719 2460 1800 2500 cren
1814 2439 1938 2501 literne
1948 2439 1995 2500 ol·

1244 2538 1385 2619 piobcti
1392 2579 1402 2615 ,
1422 2551 1457 2602 et
1467 2552 1645 2622 praeterea
1659 2543 1696 2604 in
1713 2540 1887 2604 nonnullis
1901 2561 1993 2612 unus,

1247 2639 1330 2714 duc,
1351 2651 1420 2702 tres
1435 2641 1579 2722 globuli.
1600 2642 1671 2706 ott
1689 2641 1726 2717 (l.

1284 2739 1406 2828 'Parte
1437 2741 1540 2804 antica
1564 2741 1715 2806 exhiberi
1739 2741 1821 2804 dces
1843 2753 1993 2824 penates,

1240 2837 1350 2902 literis
1375 2843 1465 2922 131³.
1490 2843 1667 2920 indicatos,
1698 2856 1789 2925 petet
1811 2861 1857 2904 ex
1886 2843 1991 2904 nuntie

1245 2943 1404 3005 similibus
1434 2945 1540 3028 gentis
1568 2944 1701 3022 Antioc,
1725 2957 1766 3007 et
1793 2945 1992 3008 hcutentins

1246 3063 1287 3106 ex
1310 3043 1450 3118 donariis
1481 3045 1663 3129 Sulpiciae,
1703 3042 1745 3109 etl
1773 3065 1858 3131 quos
1891 3047 1989 3130 proli·

1243 3144 1315 3206 xius
1332 3145 1365 3206 in
1383 3145 1561 3211 domestice
1582 3146 1807 3212 hcecnuurins
1818 3167 1991 3212 commen·

1241 3246 1352 3323 tabor,
1384 3237 1539 3328 quorsum
1567 3247 1728 3312 lectorem
1751 3250 1900 3312 remitto.
1943 3251 1989 3310 Es

1240 3358 1348 3410 autem
1380 3363 1532 3412 monetse
1559 3349 1667 3412 intulit
1692 3350 1872 3428 Fonteius,
1906 3351 1989 3434 qnia,

1240 3459 1277 3512 ut
1302 3448 1336 3509 in
1361 3449 1506 3533 Sulpicia
1522 3451 1601 3514 item
1622 3450 1835 3529 docebimus,
1862 3471 1989 3516 summo

1241 3547 1275 3608 in
1295 3548 1421 3615 honore
1446 3553 1553 3618 ltabitn
1573 3553 1668 3616 icere
1682 3553 1839 3627 ‘l'usculi,
1868 3573 1931 3638 qus
1948 3573 1989 3615 ex

1240 3651 1324 3714 urbe
1338 3652 1477 3716 oriundi
1497 3655 1592 3718 fuere
1612 3651 1754 3716 Fonteii.
1799 3654 1921 3718 Cicero
1937 3651 1987 3734 d):
2078 3689 2079 3701 ι

430 3777 521 3821 nore
544 3750 712 3826 habuerit,
740 3762 836 3831 etque
861 3749 915 3826 hi,
946 3763 982 3812 ut
1010 3769 1053 3812 ex
1073 3748 1183 3834 proxi·
1236 3756 1382 3835 primum
1407 3760 1541 3836 generis
1562 3754 1811 3836 (Fonteiornut)
1842 3757 1989 3834 antiqui·

428 3860 500 3924 ntis
527 3854 726 3928 ridebimus,
750 3867 855 3934 'saepe
875 3849 1037 3934 capitibus
1064 3849 1183 3934 jugatis
1241 3865 1312 3930 tas,
1335 3874 1433 3934 quem
1458 3855 1598 3920 Tuscula
1614 3873 1659 3918 ec
1673 3857 1865 3930 clarissimo
1881 3859 1988 3918 muni·

437 3963 502 4028 sint
515 3956 692 4044 propositi,
710 3951 926 4030 nihttobun,
947 3952 1131 4038 quominus
1148 3964 1183 4015 et
1239 3957 1326 4036 cipio
1351 3956 1535 4036 profectum
1562 3959 1599 4018 in
1631 3959 1856 4021 monumentis
1876 3977 1986 4020 rerum

424 4065 472 4126 ·in
502 4059 660 4147 capitibus
693 4055 763 4121 lani
792 4071 887 4118 more
916 4053 1014 4118 unitis
1045 4053 1183 4120 eosdem
1236 4067 1408 4137 gesturum
1425 4058 1567 4120 incisum
1580 4078 1621 4119 cc
1634 4069 1787 4122 notatam
1807 4060 1965 4122 ridemus.

436 4163 545 4250 gentis
582 4159 742 4224 Fonteiae
777 4169 912 4240 pcnntes
951 4173 1181 4238 agnoscamus,
1601 4223 1621 4259 ⁶

428 4287 511 4332 eunt
525 4259 665 4349 perinde
680 4261 740 4338 sit,
765 4271 873 4322 utrum
892 4255 1030 4348 duorum
1046 4254 1182 4320 inutilia·
1496 4267 1516 4306 s
1704 4271 1727 4312 c

436 4371 523 4434 tium
539 4365 617 4430 nnio
632 4363 696 4428 ltoc
711 4361 814 4424 illone
831 4357 928 4423 modo
946 4359 1160 4444 exprimetur.
1381 4357 1489 4420 ttttt.
1506 4357 1685 4423 FONTEl.
1699 4361 1743 4426 Ὅ.
1760 4359 1799 4424 Ρ.
1820 4361 1928 4443 Caput
1935 4361 1987 4438 iu-

499 4467 549 4532 nt
575 4477 702 4552 purtem
724 4471 871 4529 seersum
891 4461 1009 4526 horum
1034 4459 1183 4523 decurio·
1356 4457 1359 4466 '
1382 4461 1488 4522 venile
1499 4459 1699 4540 laurentum,
1718 4463 1812 4541 infin
1824 4463 1915 4542 qunti
1912 4463 1987 4544 fu!-

440 4595 1980 4648 μ--ῲ-ῇι--ή--ὰ-ῌ

464 4701 502 4770 o)
516 4695 579 4758 ,liro
593 4689 696 4750 Coelio
709 4707 734 4746 c.
747 4697 788 4750 tt.
913 4686 948 4760 b)
969 4685 1007 4743 de
1021 4684 1057 4744 li.
1072 4683 1108 4743 li.
1126 4683 1158 4742 L.
1171 4683 1208 4744 ll.
1226 4701 1251 4743 c.
1269 4695 1310 4744 tn
1327 4682 1383 4742 snb
1399 4681 1449 4742 tin.
1475 4693 1499 4770 '¹
1576 4688 1613 4760 c)
1632 4685 1982 4748 ttoet.Attt..1tte.s.

430 4795 468 4868 d)
487 4807 543 4872 pro
556 4783 684 4850 Fonteio¹
699 4799 722 4836 c.
738 4789 780 4839 tt.
885 4829 889 4838 .
