4180 5484
560 605 855 680 HORTENSIA.
908 607 1120 681 HOSIDIA.
1170 609 1411 682 HOSTlLlA.
1639 635 1710 701 225

155 775 297 860 aliquem
333 793 376 838 ex
408 788 506 858 gente
538 773 687 852 Horatia,
723 774 904 840 uerisimile
960 775 1024 839 rim
1047 777 1289 862 praecipitantia
1312 775 1386 844 uide
1411 779 1446 844 in
1469 781 1589 864 insigni
1609 806 1708 850 numo

154 877 232 942 lucit
250 877 442 962 inscriptum
460 874 649 953 COCLES,
678 877 765 961 qnod
783 895 903 960 cogno·
961 899 1046 942 max.
1059 877 1146 941 mod.
1166 897 1240 941 cuns
1253 878 1358 963 capite
1371 881 1528 946 Antonini
1538 885 1601 951 Pii.
1628 885 1710 979 Quis

156 999 232 1044 meu
267 978 395 1064 primus
421 977 498 1042 tulit
528 977 739 1063 famigeratus
765 978 823 1042 ille
847 979 906 1041 bo·
961 977 1062 1042 inerit
1078 979 1136 1042 ille
1154 1001 1196 1043 ex
1223 980 1293 1064 ejus
1313 985 1473 1066 posteris,
1505 986 1710 1070 quinumum

157 1085 261 1146 stium
285 1084 394 1145 victor
414 1093 449 1144 et
458 1081 632 1168 fluminis,
661 1094 698 1144 ut
724 1079 768 1144 ait
783 1081 904 1144 Paulus
962 1079 1049 1144 hunc
1080 1079 1266 1146 feriundum
1299 1086 1442 1166 cersuit,
1485 1085 1624 1153 divinari
1654 1112 1712 1156 ne-

155 1182 339 1263 Disconus3
370 1181 417 1246 sic
437 1193 544 1246 autem
565 1195 715 1246 vocatum
740 1181 784 1244 ait
802 1183 906 1246 Aure·
962 1181 1042 1266 quit.
1079 1184 1243 1247 Denarios
1264 1185 1325 1248 bos
1346 1188 1452 1272 ample
1480 1187 1711 1256 dissertatione

154 1285 218 1348 lius
234 1283 351 1352 Victor
367 1285 416 1366 ¹),
445 1297 479 1348 et
500 1282 675 1367 Dionysius
697 1285 902 1348 Halicarnas-
958 1281 1133 1348 illustrarit
1147 1285 1296 1362 Petinus,
1328 1307 1411 1370 quae
1431 1303 1536 1354 exstet
1560 1291 1594 1354 in
1622 1315 1711 1358 com-

155 1385 260 1450 sensis
275 1382 329 1468 ¹²),
351 1383 440 1470 quod
465 1385 596 1448 oculum
620 1387 654 1448 in
674 1385 802 1470 praelio
824 1383 901 1448 aml-
959 1385 1126 1448 meutariis
1148 1386 1367 1470 flaret-campi
1393 1411 1425 1473 p.
1444 1400 1520 1474 aot,
1548 1413 1613 1476 quo
1631 1393 1708 1459 loeo

154 1485 246 1554 serit.
285 1485 464 1574 Imaginem
487 1485 621 1552 Coclitis
646 1507 720 1554 sese
747 1487 781 1550 in
801 1485 903 1552 Tibe·
959 1505 1075 1550 eorum
1089 1481 1205 1552 rarit'us
1220 1487 1415 1554 immensum
1435 1480 1616 1559 extollitur.

546 1793 551 1802 ’
678 1797 1197 1910 Horrorem.

218 1995 319 2060 ‘Numi
340 1992 516 2060 Goltziani.

744 2171 1123 2300 Hostum.

219 2421 273 2482 An
298 2417 449 2504 patricia,
478 2437 519 2481 an
546 2413 696 2501 plebeia,
727 2415 901 2482 incertum.
959 2415 1082 2501 Aquilii
1109 2427 1143 2480 et
1162 2416 1308 2494 Durmii,
1343 2428 1378 2480 et
1403 2415 1439 2478 bi
1464 2417 1642 2483 commode·
1665 2419 1708 2485 ad

157 2521 349 2608 Cognomen
370 2519 467 2584 Geta.
959 2535 1078 2580 anuum
1100 2517 1142 2584 V.
1160 2517 1197 2585 C.
1226 2519 1290 2602 734
1312 2531 1447 2602 possent
1471 2519 1612 2598 referri,
1641 2543 1711 2586 mo·

272 2619 403 2702 GETA.
421 2621 555 2694 tttvttt,
584 2623 738 2684 Protome
756 2620 901 2686 Dionae.
958 2619 1048 2697 nuit,
1083 2620 1311 2704 Turpilianum
1342 2621 1462 2686 eodem
1490 2641 1576 2684 anno
1604 2621 1705 2696 icisse

155 2725 370 2792 enostnt.
388 2723 478 2790 ott.
503 2724 598 2804 Aper
617 2719 776 2784 annotato
793 2731 901 2784 trans·
958 2720 1109 2786 ssltirum
1138 2723 1338 2786 monetalem
1366 2743 1430 2785 uns
1461 2741 1535 2788 cum
1559 2723 1707 2808 Aquillio

144 2825 245 2912 fisus
268 2827 461 2890 catanance
485 2845 577 2888 cunc.
608 2823 661 2883 Ex
682 2821 733 2886 bis
757 2822 899 2886 denariis
958 2835 993 2886 et
1010 2823 1162 2891 Dormio.
1205 2825 1298 2908 Ergo
1320 2824 1349 2888 ai
1366 2837 1400 2889 et
1417 2825 1472 2889 laic
1489 2823 1648 2889 Hosidiua
1667 2824 1710 2889 sd

127 2964 131 2972 ‚
154 2929 221 3008 illi,
250 2927 304 3016 qui
326 2926 451 2990 Dianae
471 2937 568 3007 caput
590 2923 718 3007 capillis
746 2937 838 2987 retro
865 2923 900 2986 in
957 2923 1099 2988 eundem
1117 2946 1236 2988 annum
1252 2925 1403 3002 accedat,
1425 2925 1618 2994 habebimus
1634 2929 1709 2989 llll·

154 3031 278 3096 notlum
299 3029 448 3096 collectis
467 3025 640 3102 exhibent,
672 3025 790 3088 serrati
808 3039 901 3104 sunt,
959 3025 1063 3102 siros,
1093 3045 1160 3089 nou
1186 3025 1334 3094 lllriros.
1376 3027 1474 3092 Aliud
1505 3025 1605 3092 docet
1630 3027 1714 3110 judi·

153 3155 222 3197 non
238 3133 318 3197 item
336 3131 403 3208 illi,
428 3131 484 3216 qui
501 3128 571 3212 ejus
589 3140 686 3212 eaput
709 3145 783 3190 cum
802 3125 900 3192 lascis
958 3129 1044 3192 cium
1062 3147 1104 3192 er
1125 3127 1205 3212 ipsis
1224 3127 1275 3191 his
1293 3127 1436 3192 denariis
1451 3127 1612 3193 baustum.
1634 3129 1709 3192 Non

154 3237 188 3298 in
207 3235 316 3298 {route
335 3233 462 3297 sistunt.
958 3229 1058 3294 modo
1082 3248 1267 3315 cognomen
1288 3228 1409 3292 GETA
1430 3229 1621 3296 inultorum
1651 3251 1710 3292 nu·

218 3338 371 3402 Dictante
395 3333 623 3417 Haverosmpo
650 3329 777 3394 denarii
802 3327 837 3390 bi
861 3329 902 3392 si-
958 3331 1004 3392 mi
1027 3344 1154 3415 partem
1180 3331 1373 3414 trajectum,
1401 3329 1461 3396 sed
1491 3332 1589 3396 etiam
1620 3331 1711 3416 quod

156 3439 246 3524 gnati
267 3451 344 3502 saut
365 3437 406 3504 V.
422 3436 459 3502 C.
484 3435 567 3518 734,
596 3453 662 3518 qno
681 3451 766 3498 euno
786 3429 820 3508 in
836 3431 902 3496 Ao·
958 3431 1076 3496 serrati
1095 3445 1186 3510 sunt,
1215 3453 1273 3497 eos
1294 3433 1394 3500 facile
1412 3435 1579 3519 Augustos
1597 3446 1703 3498 aetate

155 3541 244 3626 gusti
269 3537 429 3604 natalibus
451 3537 597 3623 insignes
616 3531 807 3599 venationes
834 3531 902 3597 etli-
958 3533 1062 3598 multo
1081 3534 1281 3620 antiquiores
1306 3535 1494 3614 constituit,
1522 3554 1705 3621 aperuero

155 3655 222 3706 tae.
272 3642 317 3706 At
344 3639 433 3704 idem
461 3638 514 3705 uir
541 3633 688 3704 eruditus
719 3635 753 3697 in
775 3633 842 3698 suis
862 3633 903 3700 sd
960 3635 1148 3702 necessario
1176 3637 1368 3706 venationes
1385 3657 1453 3702 non
1475 3637 1600 3724 arguit,
1630 3655 1706 3700 cum

155 3741 306 3808 Petronii
325 3739 508 3826 Turpiliani
525 3759 641 3804 numos
660 3737 902 3804 commentariis
961 3751 1073 3823 suapte
1091 3751 1304 3822 componatur
1318 3759 1394 3804 cum
1407 3737 1512 3804 Diana
1527 3737 1704 3814 venatriee,

156 3863 234 3910 cum
271 3825 399 3910 rideret
436 3842 532 3928 hujus
565 3839 715 3906 Petronii
752 3837 902 3904 denarios
961 3861 1056 3926 qnam
1074 3839 1229 3919 Hosidius
1246 3861 1287 3904 ex
1301 3841 1493 3930 quacun’que
1508 3859 1602 3906 causa
1623 3839 1708 3924 parti

157 3945 295 4011 eosdm
339 3945 462 4012 babere
508 3957 603 4029 typos
647 3963 722 4009 cum
761 3941 920 4030 denariis
961 3941 1118 4010 aduersae
1134 3941 1316 4030 insculpsit.

720 4281 1184 4413 Hosmlft

226 4481 314 4548 Gens
329 4495 423 4551 vetus
441 4497 475 4552 et
496 4483 601 4563 clera,
623 4503 665 4548 ex
681 4502 744 4566 qua
765 4481 827 4546 fuit
846 4501 906 4546 rex
964 4493 1039 4546 sunt
1053 4479 1249 4567 cognomine
1268 4427 1430 4543 Sasernae
1448 4489 1482 4540 et
1505 4477 1642 4556 Tubuli,
1666 4479 1713 4541 in·

163 4583 281 4652 Tullus
300 4587 470 4654 Hostilius.
516 4587 581 4684 Qui
604 4585 639 4650 in
663 4585 770 4650 nuruis
795 4605 908 4668 snper·
964 4599 1107 4660 certum,
1130 4583 1221 4666 cujus
1240 4582 1366 4644 ordinis
1381 4581 1514 4644 suerint.

202 4830 231 4900 a)
251 4827 312 4888 Vir.
329 4829 434 4889 illustr.
450 4833 528 4905 §.tt
605 4826 640 4900 b)
661 4827 739 4888 tv.
757 4841 834 4894 cte.

228 4939 322 5023 (Vol.
337 4941 394 5023 V.)
1396 4935 1421 4994 F
1445 4931 1459 4994 l
