4184 5500
702 581 706 592 ’
812 611 814 618 ·
943 523 1390 660 Puouassonluun

1058 1009 1067 1023 ,
1140 1035 1220 1126 Μ
1328 993 1331 1001 ,

895 1218 999 1284 Numi
1018 1221 1267 1284 restitutionum
1290 1221 1448 1301 argentei.

458 1457 541 1520 Sunt
567 1473 681 1519 omnes
706 1471 789 1540 opus
817 1452 968 1536 Traiani,
1005 1445 1140 1534 dempto
1197 1452 1245 1514 lit.
1258 1452 1302 1514 Η.
1322 1450 1514 1515 Pembrocls
1528 1451 1616 1514 Part.
1628 1454 1683 1519 111.
1703 1451 1767 1518 tub.
1778 1455 1830 1539 93.
1853 1456 1947 1520 MC.

394 1577 494 1621 numo
520 1559 562 1620 D.
581 1555 731 1638 Traiani,
759 1555 793 1616 in
816 1575 881 1638 quo
903 1553 1025 1637 legitur
1047 1555 1141 1618 reoli·
1204 1553 1246 1618 de
1263 1554 1403 1635 Vitzai.)

392 1671 483 1721 tuton
511 1656 711 1733 Hadrianus,
746 1669 781 1720 et
806 1673 905 1752 namo
935 1659 981 1720 Μ.
1005 1655 1139 1718 Antonii
1259 1655 1345 1722 Vide
1364 1654 1566 1740 archetypon
1587 1656 1744 1721 sectione
1762 1659 1788 1723 l.
1808 1677 1880 1744 cap.
1892 1661 1947 1736 V..

392 1759 519 1838 Illviri,
545 1781 643 1846 quem
668 1757 883 1824 restituerunt
907 1761 953 1822 Μ.
973 1757 1139 1834 Aurelius,
1196 1756 1256 1820 sed
1279 1757 1313 1818 in
1337 1756 1401 1821 hoc
1430 1778 1491 1840 pro
1520 1757 1642 1821 duabus
1676 1761 1806 1826 numum
1838 1765 1947 1846 proris

394 1875 429 1928 et
456 1861 495 1924 Ιι.
513 1863 632 1928 Venas.
669 1863 708 1924 ln
733 1881 847 1926 eversu
873 1879 1048 1923 numerum
1074 1879 1143 1920 om·
1200 1871 1275 1921 sant
1302 1857 1439 1921 totidem
1468 1879 1545 1924 aves
1574 1859 1781 1940 advolantes,
1820 1863 1946 1929 incerta

392 1964 483 2028 niam
498 1987 517 2027 a
530 1963 670 2046 Traiano
685 1961 1052 2045 restitutorum'legitun
1064 1960 1143 2023 scni-
1198 1959 1294 2042 hujus
1314 1959 1509 2024 discriminis
1527 1961 1665 2030 satione.

392 2081 447 2152 pta
474 2067 508 2128 in
533 2065 648 2130 orbem
673 2063 869 2150 epigraphe:
902 2059 991 2125 IMP.
1020 2060 1141 2122 clas.
1269 2073 1272 2079 ’

393 2169 568 2246 ΤΒΑΙΑΝ.
605 2166 707 2232 nvG.
749 2166 852 2232 GER.
889 2165 990 2228 Duc.
1026 2163 1064 2226 P.
1102 2162 1141 2224 P.

391 2271 537 2346 BEST„
573 2289 668 2354 quam
692 2265 775 2330 adeo
802 2267 958 2351 deinceps
981 2275 1137 2348 repetere

391 2355 529 2460 uacasse
547 2389 613 2432 nou
634 2369 731 2435 daoo.
1258 2366 1430 2434 Aemiliae.
1477 2369 1585 2454 Caput
1620 2371 1741 2435 Vestae
1779 2373 1945 2452 uelatum,

454 2473 635 2534 Numerum
674 2471 779 2564 *hujus
819 2469 932 2536 classis
975 2467 1136 2546 omnium,
1194 2482 1272 2532 ante
1297 2473 1386 2549 quod
1408 2471 1605 2554 simpulum,
1632 2492 1721 2555 pone
1749 2495 1881 2541 corona.
1921 2475 1946 2538 1

391 2573 526 2656 dempto
558 2574 656 2638 citato
686 2573 862 2650 Hadriani,
894 2568 1052 2635 habemas
1086 2592 1137 2634 ur·
1192 2573 1239 2636 M.
1258 2572 1460 2640 LEPIDVS.
1484 2571 1680 2634 AEMILIA.
1713 2575 1814 2642 REF.
1850 2579 1884 2640 S.
1905 2582 1942 2643 C.

390 2675 529 2759 chetypa
551 2694 624 2739 cam
647 2675 805 2752 restitutis
826 2676 926 2758 plene
949 2672 1136 2756 conspinan-
1193 2674 1348 2738 Basilica
1366 2675 1528 2737 Aemilio.
1552 2675 1600 2757 (le
1617 2675 1738 2759 Besa.)

390 2777 451 2869 tis,
476 2777 504 2842 si
522 2777 686 2842 levissima
701 2775 736 2839 ia
751 2797 836 2856 uuo,
858 2776 1005 2844 alterove
1022 2773 1135 2840 ducti-
1255 2775 1428 2840 Caeciliae.
1469 2775 1577 2858 Caput
1594 2777 1752 2856 Pietatis,
1775 2799 1859 2862 prae
1878 2799 1942 2860 quo

390 2878 477 2945 mina
496 2881 618 2948 demas.
1192 2879 1332 2941 ciconio.
1365 2873 1389 2935 Σ
1413 2874 1454 2971 Q.
1472 2875 1507 2941 C.
1527 2877 1571 2937 M.
1588 2875 1626 2942 P.
1641 2878 1667 2938 1.
1695 2878 1842 2961 Etepbas
1861 2881 1943 2943 tori·

1192 2991 1298 3042 cotus.
1322 2977 1499 3060 (Macelli.)

1254 3079 1441 3165 Archetypis
1472 3077 1566 3145 nobis
1597 3078 1728 3164 cognita
1757 3079 1862 3145 lorica
1888 3101 1941 3145 ca·

1395 2197 1502 2288 syumi
1512 2202 1741 2287 familiarum.

596 3127 702 3191 liumi
723 3125 923 3190 consulares.

1190 3195 1277 3248 rent.

457 3292 565 3373 Caput
591 3291 669 3354 lani
694 3292 837 3354 imberbe
869 3291 1068 3351 laureatum.
1113 3283 1137 3346 ἶ
1259 3283 1411 3347 Curisiae.
1426 3281 1626 3348 MONE'I'A.
1650 3281 1758 3367 Caput
1771 3281 1940 3348 muliebre.

389 3393 538 3474 luppiter
555 3395 592 3454 in
609 3393 688 3454 citis
702 3393 875 3472 quadrigis
894 3392 925 3452 d.
937 3389 1072 3470 fulmen
1089 3391 1139 3450 irr-
1195 3382 1219 3446 Ξ
1238 3387 1279 3452 Τ.
1296 3385 1506 3454 cantslVS.
1526 3387 1641 3462 Inous,
1658 3383 1772 3466 pileus
1787 3387 1940 3458 Vulcani,

391 3505 539 3576 torquet,
560 3515 588 3556 s·
608 3503 790 3576 sceptrum,
815 3493 969 3552 Victoria
989 3489 1138 3552 bobenos
1182 3489 1336 3574 forceps,
1370 3489 1521 3552 malleus.
1569 3485 1687 3573 (Pauel
1718 3503 1761 3549 ex
1795 3484 1829 3549 le
1858 3487 1941 3550 Bnet

388 3596 597 3669 moderante,
625 3595 752 3675 inform
776 3589 924 3666 ROMA,
949 3590 1063 3666 ¹literis
1088 3595 1138 3653 in·
1194 3591 1295 3656 Mem.
1315 3591 1497 3671 Trevoux.)

389 3711 533 3762 trorsum
559 3695 739 3756 hiantibus.
775 3695 877 3772 (Mus.
902 3693 995 3757 Caes.
1028 3687 1135 3756 editus
1254 3687 1400 3756 cassiae.
1417 3691 1458 3787 Q
1474 3691 1662 3764 CASSIVS.
1676 3695 1805 3763 VEST.
1832 3697 1939 3778 Caput

390 3799 469 3862 olim
507 3819 527 3862 a
561 3797 752 3860 Neumsnno
785 3795 882 3859 Num.
918 3795 999 3880 Pop.
1031 3796 1070 3860 P.
1091 3797 1132 3860 11.
1191 3795 1351 3856 muliebre
1378 3799 1535 3858 uelatum.
1573 3793 1598 3854 bl
1631 3797 1797 3882 Templum
1826 3811 1940 3860 rotun·

388 3923 420 3984 p.
440 3902 525 3981 181.)
1191 3899 1286 3974 darn,
1310 3899 1403 3958 intro
1419 3899 1508 3977 quod
1525 3897 1611 3960 seila
1630 3901 1775 3976 curulis,
1800 3901 1837 3963 irs
1860 3921 1938 3962 oreo

450 4005 655 4087 Prototypon
672 3997 831 4086 proposui
848 3997 1002 4061 Sectione
1017 3998 1041 4058 1.
1060 4017 1131 4082 cap.
1190 3995 1270 4059 binc
1296 4017 1399 4074 urna,
1432 3997 1530 4059 illinc
1558 3989 1701 4078 tubello,
1738 4005 1796 4066 oui
1822 4005 1938 4066 inscri-

387 4105 443 4170 Vl.
470 4100 503 4192 ᾗ.
522 4123 557 4184 a,
596 4125 707 4192 aquo
735 4103 810 4167 solo
835 4099 982 4186 pondere
1009 4096 1132 4166 delicit.
1186 4111 1281 4182 ptum
1300 4099 1394 4162 A.C.
1417 4099 1595 4181 (Macelli.)

388 4205 488 4286 Vide,
507 4228 589 4292 quae
607 4207 649 4270 de
668 4205 731 4272 hoo
747 4203 884 4269 denario
901 4201 1021 4266 notabo
1036 4201 1130 4266 inira.
1253 4201 1418 4266 Claudiae.
1456 4201 1784 4276 MARCELLINVS.
1831 4210 1938 4292 copus

454 4312 562 4392 Caput
594 4309 746 4372 Palladis
775 4309 949 4392 galeatum
985 4305 1130 4383 alatum,
1188 4306 1287 4368 virile
1312 4303 1454 4364 imberba
1480 4308 1621 4381 nudum,
1649 4329 1737 4392 pone
1762 4313 1935 4392 triquetro.

383 4411 535 4496 poneX,
551 4408 788 4492 infrallOMA.
811 4406 978 4498 {Mulier
991 4409 1131 4490 galeato
1182 4391 1213 4464 ’Ξ
1233 4405 1513 4474 MARCELLVS.
1535 4407 1630 4476 COS.
1657 4409 1810 4506 QVlNQ.
1846 4414 1933 4478 Tem·

387 4515 515 4598 cbrpeis
529 4515 677 4576 insidens
690 4535 716 4574 s.
728 4512 846 4573 bastae
859 4513 1038 4583 innititur3
1055 4521 1133 4572 onte
1185 4507 1278 4592 plum
1296 4515 1318 4582 4
1334 4508 1581 4590 columnarum,
1605 4513 1652 4576 od
1667 4517 1757 4594 quod
1776 4519 1828 4578 vir
1850 4515 1936 4578 oela-

386 4637 459 4680 eam
481 4616 560 4696 lupa
577 4611 737 4696 gemellos
755 4605 902 4687 lactans,
926 4615 962 4676 in
982 4635 1060 4676 areo
1080 4633 1135 4676 su·
1189 4621 1253 4685 tus,
1268 4619 1301 4672 et
1314 4621 1450 4690 togatus
1463 4615 1592 4676 accedit
1606 4627 1777 4696 tropaeum
1789 4629 1933 4698 gestans.

381 4740 498 4803 perne,
514 4728 546 4781 ot
563 4719 716 4794 utrinque
728 4733 828 4794 prora
846 4719 949 4777 nauis.
974 4715 1133 4798 (Vaillant
1188 4710 1367 4796 (Morelliss)

385 4825 419 4886 in
435 4819 580 4886 incertis.
603 4813 735 4881 Macelli
753 4814 786 4878 in
801 4815 917 4882 iacent.
934 4815 1009 4880 iam.
1026 4817 1090 4884 tab.
1105 4817 1131 4880 1.
1251 4815 1414 4882 Cornelia.
1443 4815 1691 4888 AvasTVS.
1732 4814 1840 4904 Caput
1866 4823 1935 4884 An·
