4180 5484
806 587 999 664 raam.
1597 607 1670 689 too

118 763 171 822 θεῖ
189 756 223 820 in
246 765 346 842 gente
368 753 532 820 Memmia.
565 753 694 852 Quare,
716 767 753 819 ut
773 769 866 822 neoto
1180 803 1201 842 4
1285 755 1304 794 ⁴
1388 801 1409 841 ·

118 859 273 924 observat
301 859 565 941 Havereampus‚
603 859 728 921 Romae
758 858 866 942 potius
924 860 1023 924 Fabii
1043 859 1175 922 incerti.

117 961 401 1036 simulacrumest,
418 959 656 1044 etlegendnmt
675 957 868 1053 QVIRlNa·
1069 961 1178 1043 Caput
1197 955 1368 1022 'muliebre
1395 959 1543 1024 velatum
1571 967 1671 1026 tunt.
1775 1007 1779 1014 .

117 1063 182 1137 lis,
206 1079 326 1143 nempe
352 1063 504 1136 Flamen,
536 1075 571 1122 ut
596 1059 629 1120 in
655 1061 760 1123 numia
788 1079 867 1143 gen·
1065 1072 1152 1136 tum,
1170 1079 1256 1142 pone
1272 1061 1345 1126 Ex.
1367 1059 1408 1124 Α.
1427 1061 1498 1130 Pv.

117 1163 161 1222 tis
179 1160 353 1223 Corneliae
373 1160 502 1242 plenius
519 1159 688 1224 scribitur=
711 1163 750 1226 L.
764 1160 868 1221 LEN·
924 1161 960 1226 C.
974 1161 1087 1228 Fam.
1109 1159 1146 1226 C.
1161 1161 1201 1227 F.
1236 1165 1389 1225 Victoria
1410 1167 1448 1225 ia
1468 1165 1549 1226 citis
1569 1163 1668 1248 tngo,

119 1263 500 1330 Τνιν5.1·ἚΑΜΕΝ.
527 1262 778 1326 MARTIALIS.
808 1262 869 1324 Fa·
923 1263 1014 1346 infra
1039 1265 1131 1339 ovis,
1162 1273 1197 1325 et
1218 1263 1356 1325 varians
1379 1261 1480 1350 litero
1502 1263 1671 1350 alphabeti

117 1364 266 1441 bionum,
297 1365 352 1448 qui
377 1363 524 1426 fluminea
544 1361 731 1454 Quirinales
754 1361 867 1436 luere,
924 1365 1054 1428 Latini.
1075 1363 1147 1428 AR.
1163 1361 1203 1428 G.

117 1465 279 1550 frequens
304 1465 427 1528 mentio
454 1463 540 1548 apud
564 1457 711 1540 Li'vium,
739 1475 773 1525 et
793 1461 866 1526 vat.
1068 1466 1176 1547 Caput
1200 1463 1364 1526 muliebre
1387 1461 1554 1543 velatum,
1585 1489 1672 1550 ponc·

118 1567 311 1631 Maximum.
341 1569 465 1630 Tamen
485 1565 525 1629 ad
545 1585 643 1649 quem
660 1563 797 1626 Fabium
815 1563 872 1622 Pi·
1066 1569 1204 1630 aan'nns
1218 1567 1321 1629 litero
1339 1563 1509 1646 alphabeti
1521 1569 1591 1646 jam
1607 1571 1673 1633 La.

120 1681 251 1732 otorem
273 1667 399 1730 denarii
419 1668 454 1729 hi
470 1667 672 1752 pertineant,
698 1665 781 1728 ratio
802 1685 870 1726 non
1068 1669 1153 1744 tini,
1166 1668 1237 1744 jam
1259 1667 1396 1731 Graeci.

120 1769 198 1833 ontis
221 1769 383 1852 expedita.
927 1767 1202 1834 c.FA131.c.F.
1236 1773 1390 1833 Victoria
1414 1776 1452 1836 in
1473 1773 1553 1834 citis
1575 1771 1675 1854 bigis,

189 1869 353 1934 Nonnulla
374 1869 470 1932 etiam
488 1868 529 1932 ad
545 1867 640 1952 hujus
658 1867 751 1932 Fabii
769 1866 872 1930 nomi·
928 1869 1019 1954 infin
1038 1872 1109 1932 ales
1126 1870 1259 1932 similis.
1281 1870 1352 1936 AR.
1368 1871 1404 1934 Ο.

125 1998 166 2036 na
189 1969 486 2036 animadvertenda.
518 1971 705 2034 Praelixum
727 1969 757 2030 N
781 1987 873 2052 prae·
991 1971 1127 2034 Uenerii
1144 1971 1179 2032 lai
1195 1971 1449 2056 antiquariorum
1470 1973 1590 2036 misera
1608 1987 1676 2038 tor·

122 2094 245 2138 nomen
264 2085 370 2156 notat,
392 2091 511 2154 nempe
530 2075 724 2148 Numerius,
747 2071 875 2155 dequo
929 2085 1043 2136 serunt
1071 2071 1214 2155 ingonia.
1259 2073 1396 2140 Vrsinus
1425 2093 1483 2136 eos
1512 2075 1548 2137 C.
1570 2074 1674 2138 Fabio

124 2177 173 2238 sin
196 2187 311 2238 aomar
331 2175 476 2236 incertus
498 2171 540 2236 da
561 2171 774 2236 Nominibus:
804 2171 874 2236 Nu·
928 2173 1053 2237 Pictori
1069 2175 1196 2236 consuli
1213 2175 1255 2242 V.
1272 2175 1310 2241 G.
1327 2177 1390 2252 484
1406 2173 1584 2253 dedicarit,
1608 2197 1674 2259 quo

126 2281 228 2340 nterii
249 2279 493 2359 (praenomine)
515 2277 589 2338 solo
605 2279 754 2358 patricio
767 2275 875 2357 snmt'·
906 2291 1014 2338 'anso
1039 2275 1180 2358 primunr
1204 2277 1341 2360 signatu
1357 2291 1487 2342 moneta
1520 2293 1676 2364 argentea

127 2379 179 2439 lin
202 2397 265 2440 uso
284 2389 340 2440 est
359 2379 484 2454 Fabio,
509 2378 601 2461 eujus
626 2373 720 2437 inditi
745 2395 874 2438 eausam
929 2389 1014 2438 teste
1044 2377 1173 2456 Plinio,
1208 2397 1291 2462 quaa
1327 2379 1486 2442 sententia
1520 2381 1574 2444 vix
1609 2381 1673 2462 jam

124 2500 206 2541 mox
231 2477 369 2560 subjicit.
408 2481 451 2540 At
474 2497 537 2563 qua
560 2478 686 2542 ratione
711 2477 876 2559 explioan·
930 2479 1065 2542 cordato
1085 2477 1183 2541 alieni
1199 2479 1355 2548 adrideat.
1386 2481 1580 2548 Vaillantiua
1599 2501 1674 2544 cum

126 2581 204 2642 dum
227 2581 271 2642 sit
286 2581 423 2643 aiterum
441 2583 487 2659 N,
515 2581 602 2666 quod
623 2599 741 2644 nomen
760 2579 875 2641 FABl.
930 2581 1060 2664 legeret
1088 2579 1121 2640 in
1150 2581 1224 2648 Val.
1248 2583 1410 2660 Maximo,
1451 2583 1487 2647 C.
1509 2583 1676 2646 Pictorem

127 2683 356 2766 consequitur,
386 2681 554 2746 nonsatis
581 2683 753 2772 adsequor.
798 2686 874 2746 Ele·
929 2683 1073 2766 legatum
1097 2682 1230 2744 missum
1256 2684 1297 2746 ad
1320 2687 1546 2747 Ptolemaeum
1570 2685 1678 2752 Phila·

125 2800 272 2847 mentum
301 2784 383 2846 illud
410 2783 494 2869 fugit
518 2785 690 2866 Vrsinurn,
727 2801 760 2852 et
786 2786 874 2871 quod
930 2783 1107 2867 delphum,
1144 2781 1222 2848 huie
1251 2785 1403 2849 denarios
1432 2787 1493 2848 hoa
1523 2787 1678 2871 largitur,

128 2889 232 2970 magia
268 2889 403 2964 mirum,
442 2887 721 2952 adcuratieaimum
752 2891 875 2953 Morel·
932 2899 966 2948 et
997 2886 1059 2948 boo
1089 2887 1233 2968 percitus
1263 2888 1426 2971 opinionis
1458 2908 1534 2950 suae
1566 2905 1677 2953 oestro

129 2989 223 3053 liam.
263 2989 437 3073 Comparet
460 3002 569 3052 tamen
599 2991 633 3051 in
659 2992 744 3054 binis
770 2992 875 3055 musei
931 2987 996 3068 jam
1021 2987 1129 3048 omnia
1151 2987 1184 3047 in
1207 2987 1271 3048 illis
1290 2987 1487 3071 Aegyptiace
1510 2989 1616 3064 videt,
1644 3005 1678 3052 et

130 3091 301 3168 Caesarei,
324 3105 357 3154 et
377 3091 410 3152 in
431 3091 591 3154 iconismo
609 3093 795 3170 Vaillaatii‚
816 3091 876 3156 aed
933 3087 1064 3172 quidem
1095 3087 1128 3148 in
1160 3101 1237 3169 typo
1265 3093 1390 3152 antieaa
1418 3103 1514 3170 caput
1538 3093 1678 3156 Alexan·

130 3195 187 3277 qui
214 3193 303 3254 illius
325 3191 594 3276 significationem
618 3195 651 3258 in
675 3195 878 3258 animadver·
933 3189 1051 3263 drona,
1071 3189 1104 3248 in
1120 3208 1233 3252 aversa
1251 3203 1359 3252 notam
1376 3189 1460 3254 avim
1480 3191 1558 3256 ibin.
1580 3195 1679 3256 Prae·

133 3293 281 3358 sionibus
301 3295 368 3356 auis
390 3293 589 3374 praeterivit.
624 3295 676 3358 An
696 3296 783 3360 forta
804 3297 877 3358 sub·
931 3305 1080 3374 terquam
1116 3288 1204 3374 quod
1238 3313 1352 3374 parum
1387 3293 1567 3376 probabilia
1603 3309 1678 3358 aunt

132 3395 328 3460 audiendum
342 3397 397 3472 R,
413 3398 460 3460 aie
476 3411 510 3460 ut
528 3396 584 3458 ait:
606 3398 757 3461 Numerii
770 3399 876 3460 lilius?
932 3391 1030 3468 hoec,
1053 3390 1199 3454 nituntur
1220 3393 1317 3456 etiam
1338 3395 1372 3456 in
1392 3395 1499 3458 luxata
1521 3380 1594 3464 vat}
1610 3399 1679 3460 Ma·

132 3502 326 3583 cognomen
355 3501 470 3562 Pictor
495 3512 635 3562 tractum
662 3521 681 3562 a
704 3499 878 3577 C.Fabio‚
933 3493 1012 3555 simi
1038 3491 1200 3574 lectione3
1230 3516 1304 3558 nam
1331 3519 1406 3560 sana
1432 3497 1533 3564 lectio
1558 3519 1678 3582 nequa·
1809 3501 1815 3510 '

133 3601 191 3684 qni
231 3597 345 3663 aedem
380 3597 498 3662 Salutis
533 3601 639 3684 pinxit
667 3601 708 3670 V.
732 3602 768 3664 C.
798 3603 878 3677 450,
933 3613 1029 3680 quam
1066 3595 1197 3669 Caium,
1237 3597 1297 3661 aed
1331 3599 1372 3663 N.
1400 3599 1537 3662 Fabium
1571 3601 1679 3664 Picto·

134 3721 221 3788 quae
256 3703 381 3786 pictura
415 3701 544 3766 duravit
578 3703 613 3766 in
647 3703 715 3787 ipsa
751 3701 878 3765 Claudii
933 3719 1006 3762 rem
1028 3697 1062 3759 iu
1084 3697 1199 3782 legatis
1221 3713 1388 3777 numerat,
1410 3714 1447 3763 ut
1469 3701 1588 3764 donent
1610 3701 1679 3766 Cri-

132 3817 302 3887 tempora‚
339 3823 404 3887 quo
432 3803 614 3887 imperante
643 3805 753 3868 fanum
782 3804 880 3882 arsit,
934 3799 1077 3863 tinorum
1117 3799 1236 3880 judicia
1273 3801 1314 3866 ad
1349 3803 1436 3868 huno
1470 3803 1596 3870 Valerii
1630 3803 1679 3866 lo-

132 3919 169 3972 ut
203 3918 338 3968 testatur
367 3905 493 3968 Plinina
518 3910 566 3988 ¹),
602 3905 657 3992 qui
684 3905 772 3969 istnd
801 3905 879 3968 artis
935 3921 1008 3964 oum
1032 3903 1080 3984 e)‚
1111 3901 1199 3986 quod
1227 3901 1291 3984 jam
1317 3889 1679 3990 vidit’Haverenmpua.

134 3993 396 4093 experimentum
436 4008 557 4072 Fabiae
597 4009 687 4092 genti
726 4006 881 4070 honorifl·
936 4003 1004 4066 Sed
1039 4016 1072 4065 et
1107 4001 1161 4066 bie
1190 4025 1266 4068 suna
1301 4006 1434 4092 expedit
1463 4007 1678 4091 conjecturas.

134 4133 211 4175 eum
233 4123 362 4188 censat,
393 4109 493 4194 longe
519 4110 699 4174 dissidente
720 4111 794 4177 Vel.
812 4111 880 4172 lda-
935 4107 1002 4169 lam
1022 4105 1161 4189 primurn
1181 4107 1291 4169 alitem
1317 4109 1417 4192 partia
1439 4131 1574 4175 aversae
1596 4125 1680 4175 stru·

137 4213 245 4288 ximo,
277 4212 333 4296 qui
358 4211 446 4275 idem
475 4213 595 4277 laetum
620 4233 755 4277 narrans
776 4211 880 4275 sordi·
935 4207 1166 4304 thioeamelurn
1203 4208 1407 4275 conliduntur
1442 4213 1562 4280 statuit.
1612 4215 1681 4276 Hu-

136 4315 215 4378 dnm
237 4313 322 4376 istud
348 4313 487 4378 stadium
515 4315 551 4376 in
578 4315 650 4380 eina
675 4315 879 4381 nobilissimo
935 4309 986 4395 jus
1013 4331 1095 4394 ergo
1123 4310 1295 4376 observato
1324 4315 1432 4378 volatu
1460 4337 1565 4400 augur
1591 4318 1680 4402 ipae,

136 4413 261 4480 fastidit
279 4413 324 4496 ¹³).
757 4427 761 4440 '
936 4429 972 4478 ut
1001 4427 1126 4498 sperat,
1155 4413 1289 4480 minime
1310 4439 1410 4482 nanus
1435 4417 1577 4482 Africam
1611 4421 1680 4502 ejus

179 4799 460 4876 a)L.XXXV.§.7.
534 4745 856 4878 minianen.
930 4805 1229 4882 c)L.tv.e.a.n.9.

205 4911 374 4997 (Vota)
1397 4919 1472 4982 Dd
