4180 5484
388 567 460 648 sm
539 522 542 530 ’
1040 517 1280 670 uenere.
1347 503 1349 510 ’

387 729 880 816 ,sagittamsopeeeuerum
895 739 962 786 una
981 721 1136 788 Victoria
1192 715 1289 802 etism
1319 714 1428 792 sumis
1460 711 1660 792 ridebimus,
1695 715 1822 782 Ancum
1850 721 1939 782 lsr-

396 833 470 896 bosi
482 833 651 902 insistens.
675 829 744 890 ΑΕ.
761 829 784 890 L
801 828 844 892 11.
1119 885 1122 894 Δ
1192 820 1279 892 rium
1304 816 1340 878 iu
1361 817 1536 900 majoribus
1568 837 1746 904 agnovere.
1796 823 1940 907 Exque

395 937 429 954 ·’
484 929 511 998 ,’
539 933 659 1014 capita
682 931 810 994 similia
824 929 965 1009 jugata,
996 927 1034 988 in
1058 942 1136 986 non·
1192 921 1369 998 docemur,
1398 919 1498 982 decus
1520 918 1608 982 idem
1629 920 1832 1002 jactassent
1858 926 1942 988 Cen·

428 1051 432 1060 ¹
535 1033 640 1096 nullis
651 1053 738 1113 pone
750 1031 851 1093 litera
869 1028 1048 1111 alphabeti.
1192 1025 1342 1099 sorinos,
1364 1033 1402 1084 et
1418 1023 1606 1104 Philippos,
1639 1043 1680 1086 ex
1696 1023 1830 1088 oraculo
1849 1025 1940 1088 seili-

393 1134 594 1201 ucttttso.
616 1135 778 1210 Desultor
792 1129 1035 1212 capitepileato
1048 1127 1137 1212 linis
1194 1138 1247 1188 eet
1260 1143 1449 1200 rumorum,
1468 1137 1502 1186 et
1517 1125 1638 1206 Reges,
1653 1144 1695 1186 ex
1710 1125 1810 1188 citste
1822 1125 1942 1188 Sueto·

393 1241 486 1319 equis
505 1240 612 1301 citato
627 1255 724 1296 cursu
742 1236 910 1304 innectas,
931 1229 1021 1311 infra
1037 1245 1137 1306 equos
1193 1225 1240 1287 nii
1260 1226 1346 1288 luco.
1386 1226 1507 1286 Mirum
1536 1243 1640 1300 vero„
1658 1225 1693 1285 iu
1715 1227 1864 1291 omnibus
1886 1229 1940 1292 iris

388 1341 459 1418 jam
476 1350 576 1400 notae
592 1335 843 1408 arithmeticae,
864 1331 1074 1409 jamliterae
1089 1327 1138 1389 al·
1194 1326 1315 1401 sumis,
1349 1338 1385 1388 ut
1413 1337 1448 1388 et
1475 1325 1509 1386 in
1538 1325 1750 1410 sequentibus
1780 1328 1938 1416 Philippi,

388 1439 528 1522 pheleti
533 1482 544 1513 ,
558 1437 629 1516 jam
645 1437 776 1496 minuta
796 1431 924 1512 sigilla.
946 1431 1017 1494 An.
1034 1428 1071 1494 C.
1195 1427 1278 1491 Anci
1294 1439 1389 1510 caput
1405 1426 1544 1511 preposui
1559 1425 1726 1503 imberbe,
1744 1447 1817 1491 eum
1833 1436 1939 1515 capite

496 1540 601 1617 Caput
610 1534 755 1614 juvenile
771 1533 993 1594 diadematum
1010 1532 1134 1592 cincin·
1190 1529 1378 1594 remotioris
1393 1527 1523 1604 aetatis,
1545 1528 1572 1590 si
1588 1527 1687 1592 homo
1701 1530 1866 1617 Romanus
1883 1533 1937 1612 sit,

492 1641 544 1700 nis
561 1638 598 1696 in
613 1637 743 1717 occiput
760 1643 853 1696 recta
866 1635 1095 1712 pendentibus.
1191 1630 1374 1694 liberaliter
1410 1628 1542 1692 barbate
1581 1628 1662 1712 tingi
1692 1637 1937 1704 consueverint.

392 1743 429 1804 C.
446 1735 646 1802 CENSORI.
684 1736 799 1814 Equus
816 1737 921 1797 citato
938 1755 1056 1811 curru,
1073 1753 1135 1815 per
1192 1737 1317 1795 Tamen
1333 1732 1443 1814 legem
1461 1731 1544 1792 hune
1562 1749 1659 1814 posse
1679 1730 1817 1812 ieilere,
1838 1735 1939 1802 docet

392 1860 505 1902 aream
527 1850 625 1900 notae
642 1833 894 1912 arithmeticae,
919 1846 979 1898 aut
1001 1837 1134 1898 uarian·
1191 1837 1318 1910 Vsrro‚
1349 1851 1423 1895 rum
1443 1831 1487 1895 sit
1501 1834 1550 1914 ο)ι
1587 1833 1677 1896 Olim
1703 1848 1853 1901 tonsores
1873 1861 1941 1902 non

393 1943 443 2004 tia
462 1941 590 2004 minuta
603 1937 730 2020 sigilla.
751 1935 820 1998 stt.
841 1935 878 1999 C.
978 1993 981 2000 .
1182 1940 1297 2022 fuisse
1313 1931 1548 2018 adsignificant
1565 1937 1775 2014 antiquorum
1789 1950 1938 2018 statuae,

496 2041 601 2118 Caput
620 2039 795 2122 Apollinis
808 2037 896 2100 laur.
1192 2039 1281 2118 qaod
1293 2037 1471 2118 pleraeque
1481 2035 1603 2098 habent
1618 2036 1794 2116 capillum,
1810 2051 1845 2100 et
1863 2041 1940 2104 burs-

393 2146 433 2206 1..
452 2139 638 2205 CENSOR.
672 2137 805 2201 Silenus
819 2151 915 2224 stans
932 2139 964 2202 d.
979 2138 1072 2199 elata
1087 2157 1136 2199 re·
1191 2137 1268 2201 lam
1295 2155 1460 2219 magnam.
1510 2135 1604 2197 Anco
1639 2135 1787 2219 jungitur
1824 2141 1940 2220 Numa,

387 2248 475 2324 jecto
487 2254 564 2326 post
580 2253 708 2324 tergum
727 2253 820 2316 utre,
837 2259 923 2322 pone
940 2237 1137 2314 columella,
1192 2251 1226 2302 et
1240 2238 1313 2321 jure
1341 2235 1489 2321 quidem,
1519 2235 1649 2320 quando
1677 2250 1712 2301 et
1733 2239 1820 2304 hune
1849 2245 1937 2308 Mse-

393 2353 450 2410 cui
469 2343 684 2408 simulacrum
701 2342 839 2404 insistit.
861 2340 932 2402 AR.
952 2339 989 2402 C.
1193 2340 1237 2406 cii
1267 2360 1329 2424 per
1358 2339 1484 2402 Ancum
1514 2335 1548 2398 in
1579 2337 1645 2400 suis
1675 2359 1936 2420 uumersversnt.

457 2447 493 2514 c.
510 2444 658 2506 usses
675 2443 714 2506 1..
731 2439 1013 2508 ιιοιιιιεοιιιιι.
1031 2435 1137 2506 eve.
1192 2443 1277 2504 sum
1304 2453 1388 2503 sess.
1418 2438 1514 2502 srvio
1534 2434 1580 2520 d).
1623 2436 1755 2504 aumas
1776 2427 1938 2528 rumpere

393 2543 872 2612 111v1R.s.s.s.F.F.te
889 2543 1004 2606 aeneis
1018 2539 1138 2620 Augu·
1194 2545 1284 2625 regis
1309 2561 1427 2624 nepos,
1447 2539 1531 2622 filia
1555 2541 1671 2618 ortus,
1699 2543 1818 2607 Ancus
1842 2548 1940 2610 Mar·

392 2650 440 2710 sti
456 2647 484 2709 1.
501 2657 536 2708 et
551 2645 597 2706 11.
604 2646 751 2726 formae.
774 2643 811 2704 C.
1194 2647 1267 2708 cius
1281 2657 1365 2705 erat.
1402 2639 1494 2704 Idem
1509 2639 1632 2726 aliquot
1650 2639 1733 2706 loris
1748 2643 1847 2710 docet
1859 2649 1939 2714 Dio-

458 2747 606 2808 Illustres
624 2745 657 2805 hi
674 2742 765 2806 nurui
787 2741 879 2826 digni
903 2759 997 2819 sane,
1020 2737 1136 2823 quibus
1193 2741 1304 2826 nysius
1324 2743 1628 2809 Halicarnasseusis.
1663 2745 1860 2830 Pompilium
1883 2771 1939 2836 sp-

395 2849 525 2935 longius
540 2847 764 2910 immoremur.
1194 2845 1297 2930 pellat
1318 2844 1530 2922 Plutarchus,
1557 2845 1613 2931 qui
1641 2845 1729 2911 hune
1752 2849 1835 2914 Auci
1863 2873 1939 2918 cum

458 2950 555 3014 Numi
570 2953 594 3016 1.
623 2948 699 3011 loco
725 2945 822 3032 positi
847 2939 1003 3010 exhibent
1033 2941 1137 3028 cupite
1194 2951 1300 3012 Numa
1323 2967 1443 3011 nexum
1465 2946 1600 3010 uberius
1620 2949 1762 3032 explicet
1784 2953 1826 3033 ε),
1873 2957 1939 3018 Nu.

395 3056 519 3117 Numae
536 3050 691 3136 Pompilii
717 3062 750 3113 et
774 3047 858 3112 Anci
881 3045 997 3110 Marcii
1020 3065 1138 3130 regum
1195 3071 1267 3114 mse
1285 3062 1381 3134 ceput
1396 3048 1519 3112 hubent
1534 3048 1632 3113 etism
1647 3051 1736 3112 numi
1749 3052 1940 3138 Calpurnio-

396 3157 513 3250 sdditis
530 3155 607 3239 ipsis
629 3151 824 3219 nominibus.
867 3149 992 3213 Eadem
1015 3161 1090 3210 sunt
1104 3147 1139 3208 iu
1196 3172 1268 3214 rum
1285 3151 1328 3213 ob
1340 3171 1472 3214 csussm
1486 3149 1646 3228 similem,
1665 3165 1703 3216 ut
1716 3165 1752 3215 et
1765 3153 1940 3240 Pomponii

395 3279 495 3322 numo
529 3259 588 3333 ll.,
619 3255 680 3316 nisi
712 3251 800 3336 quod
843 3249 960 3314 desunt
995 3250 1137 3315 nomine.
1196 3251 1350 3316 Molonis.
1390 3253 1470 3314 Pers
1492 3257 1605 3314 ireres
1625 3252 1659 3313 iu
1679 3251 1730 3316 his
1750 3257 1856 3322 sumis
1879 3280 1941 3343 per

396 3363 537 3424 Gentem
554 3356 709 3420 Murciam
733 3353 878 3420 voluisse
902 3351 1010 3416 rideri
1033 3371 1138 3436 genus
1195 3354 1324 3418 nuvium
1347 3351 1517 3416 stationem
1543 3349 1641 3416 facile
1665 3354 1785 3419 iudicet
1807 3357 1938 3444 parium

396 3483 491 3527 suum
512 3457 552 3524 sb
571 3459 664 3521 Anco
690 3453 817 3520 Marcio
835 3454 891 3520 Ν.
915 3453 1138 3515 Romanorum
1196 3454 1310 3520 Ostise
1329 3454 1369 3517 sb
1384 3453 1477 3518 Auro
1494 3465 1671 3532 structum,
1698 3457 1845 3526 Victoris
1863 3483 1941 3548 qua·

397 3585 479 3651 rege
492 3561 676 3635 dedecere,
706 3567 832 3626 constet
846 3554 987 3640 primum
1006 3573 1048 3618 ex
1067 3573 1138 3618 ors·
1195 3559 1391 3644 lemcuuque
1417 3556 1488 3642 ejus
1511 3555 1700 3636 victorium,
1729 3558 1806 3624 luns
1830 3563 1940 3646 judice

397 3667 489 3734 tione
515 3662 647 3728 funebri
664 3663 689 3726 1.
706 3656 871 3734 eseam,
903 3677 964 3741 qus
983 3655 1011 3718 is
1036 3655 1139 3721 diser·
1195 3661 1423 3744 Hsvcrcsmpo
1439 3679 1557 3724 sunum
1570 3681 1589 3724 s
1601 3661 1706 3726 Nums
1719 3660 1754 3724 iu
1765 3663 1837 3727 xit.
1851 3687 1941 3732 mes·

398 3773 441 3834 tis
469 3767 578 3834 serbis
600 3763 741 3840 adserit,
772 3773 808 3823 ut
829 3771 879 3823 est
909 3755 994 3842 apud
1024 3758 1141 3822 Suetu-
1196 3783 1249 3827 ses
1269 3760 1486 3827 distributum.

398 3873 488 3936 nium
504 3875 550 3954 ·)=
574 3871 697 3931 amitae
716 3884 808 3928 meae
825 3862 935 3924 Iuliae
955 3873 1139 3924 maternum
1259 3865 1384 3925 Numus
1402 3865 1442 3929 11.
1461 3861 1578 3929 eedem
1599 3863 1747 3932 confluet
1763 3867 1889 3934 Numse
1907 3883 1942 3934 et

395 3973 502 4060 genus
527 3971 569 4035 ab
597 3969 731 4052 regibus
752 3975 862 4026 ortam
882 3995 896 4010 ·
919 3995 933 4011 ·
957 3995 971 4011 ·
992 3983 1068 4026 nam
1099 3963 1140 4024 cl
1197 3965 1281 4027 Anci
1310 3965 1423 4049 capite.
1467 3967 1598 4052 insigne
1627 3968 1724 4034 etism
1753 3968 1864 4036 them
1894 3973 1943 4037 oi·

401 4077 500 4140 Anco
516 4071 651 4156 Marcio
675 4077 754 4132 runt
772 4065 901 4130 Marcii
926 4065 1048 4146 Reges,
1076 4085 1139 4142 quo
1196 4067 1264 4131 iert
1299 4087 1374 4152 pers
1403 4089 1531 4148 sverm,
1574 4089 1694 4154 nempe
1735 4071 1941 4140 desultorum

399 4173 613 4258 nominesuit
632 4183 750 4234 mater.
782 4167 911 4246 Deinde
929 4187 971 4231 es
985 4165 1058 4234 Vsl.
1073 4167 1140 4230 ttr-
1196 4189 1315 4248 unum,
1337 4190 1475 4256 quorum
1494 4185 1565 4236 erat
1580 4172 1613 4234 in
1631 4171 1717 4238 ludis
1736 4193 1839 4260 equos
1860 4177 1943 4242 duos

400 4274 551 4355 mmuh),
588 4286 623 4360 et
649 4293 690 4338 es
712 4269 849 4347 Ovidio,
882 4269 973 4354 cujus
995 4267 1140 4334 testimo·
1196 4271 1325 4356 persici
1346 4293 1445 4337 eursu
1471 4273 1626 4352 inritare,
1657 4275 1705 4339 sic
1735 4291 1771 4340 ut
1801 4277 1943 4343 insiden-

402 4383 492 4444 nium
512 4375 648 4452 inirsiu
665 4373 791 4443 Murrio
813 4373 965 4454 Philippo
990 4370 1141 4438 recitabi·
1198 4388 1248 4438 tes
1269 4375 1327 4437 uni
1347 4395 1424 4440 mox
1445 4375 1478 4438 iu
1499 4376 1639 4442 alterum
1665 4379 1750 4444 mire
1771 4379 1941 4445 celeritate

402 4503 492 4557 mus,
522 4501 595 4542 num
619 4491 652 4542 et
679 4474 841 4560 Philippi,
872 4487 907 4536 st
929 4474 975 4536 ibi
997 4495 1039 4538 ex
1062 4475 1139 4562 ipsis
1198 4475 1379 4542 desilireitt.
1410 4477 1489 4542 lude
1506 4499 1569 4564 per
1587 4481 1811 4566 metsphorsm
1837 4483 1944 4550 desul-

438 4711 468 4766 ιι
488 4705 696 4772 lnCees.r.6.
777 4651 1479 4784 b)1..1v.s.0c)dett1t.1..11.c.ss.
1563 4707 1781 4782 d)t..1.r.et.
1862 4711 1919 4784 e>i

402 4801 594 4878 Mmpw
652 4853 655 4862 .
1234 4841 1242 4856 .
