4184 5500
393 545 460 616 tn
942 502 1400 597 ruohueonunn

381 695 564 764 'ridiculum
584 692 687 758 risum
710 689 919 766 eatanctori,
949 711 968 752 a
995 689 1136 774 Trajsno
1195 710 1257 774 qne
1274 717 1276 724 >
1293 685 1395 770 partia
1427 683 1528 770 typi,
1551 693 1586 747 et
1617 683 1868 770 inscriptiones,
1915 701 1950 752 et

388 796 518 866 restitui
538 815 687 870 numum,
722 811 821 884 quom
846 791 920 873 ipse
947 789 1136 856 feriundum
1194 790 1378 865 metallum,
1406 787 1467 850 aed
1503 785 1620 863 etiam,
1656 789 1684 849 ai
1708 809 1772 873 qna
1799 787 1953 870 ἇδιωφομ

389 898 524 968 curarit.
568 895 635 958 Sed
656 891 744 956 enim
774 913 816 954 an
842 912 909 956 non
931 913 1035 978 aeque
1057 893 1136 956 riui-
1193 892 1292 956 habet
1312 892 1513 976 primaernm
1530 889 1717 973 exemplar,
1747 889 1844 973 plane
1871 911 1951 954 con-

389 1003 516 1077 ouium,
553 1007 782 1070 monumento,
822 993 910 1080 quod
938 997 1047 1061 Nerva
1081 1015 1135 1059 re·
1191 995 1336 1078 spirent,
1358 995 1442 1056 adeo
1459 1005 1512 1068 ut,
1532 991 1595 1052 nisi
1614 989 1746 1054 adesset
1771 991 1950 1055 restituen-

390 1126 469 1174 oens
487 1113 657 1187 posuerat,
685 1109 760 1180 post
783 1097 940 1179 pauculos
962 1117 1064 1160 annos
1084 1117 1138 1160 re·
1193 1097 1234 1159 tia
1256 1085 1396 1169 nomen,
1426 1113 1525 1154 unum
1544 1091 1584 1154 ab
1610 1093 1716 1155 altero
1740 1094 1794 1156 rix
1823 1093 1948 1156 discer-

390 1207 560 1273 stitutione
578 1199 710 1282 Traiani
726 1219 808 1282 opus
829 1197 955 1262 luisse?
974 1201 1033 1268 Vi.
1054 1199 1137 1262 Cum
1194 1219 1302 1260 neres.
1355 1197 1539 1276 Vtrumque
1570 1195 1723 1258 obtinere
1762 1197 1798 1256 in
1839 1198 1947 1260 numis

388 1308 478 1372 numi
499 1325 581 1388 opus
604 1299 737 1384 aliquod
762 1301 948 1362 restitutum
980 1300 1138 1384 eloqunn⁴
1193 1297 1359 1383 argenteis
1389 1295 1538 1358 omnibns
1568 1277 1595 1360 a‘
1609 1299 1751 1380 Trojano
1785 1298 1946 1362 restitutis

389 1425 460 1485 tur,
494 1405 616 1472 addere
641 1403 750 1466 solent
775 1401 878 1484 ipsius
903 1401 1002 1464 etiam
1024 1401 1136 1484 operis
1195 1413 1229 1464 et
1245 1420 1309 1462 non
1328 1401 1440 1483 paucis
1459 1396 1591 1474 aeneia,
1620 1399 1705 1462 adeo
1729 1413 1855 1463 certum
1876 1417 1938 1478 est,

392 1512 562 1596 picturam.
606 1503 661 1568 sin
696 1503 731 1564 in
767 1520 868 1565 numo
903 1501 1060 1564 Antonini
1087 1502 1139 1564 Pii
1196 1515 1232 1564 ut
1245 1503 1352 1585 primo
1383 1513 1561 1583 conspectu
1606 1501 1762 1563 continuo
1793 1517 1948 1586 appareat

394 1607 566 1677 scribitur:
584 1603 1138 1680 TEMPL.D1V1.AVG.REST.,
1196 1603 1413 1667 monetarium
1434 1603 1573 1665 alterum
1592 1601 1797 1664 restituendo
1812 1603 1853 1664 nd
1874 1625 1943 1668 om-

395 1725 430 1778 et
446 1708 577 1774 additur
597 1707 704 1769 forma
729 1707 849 1788 templi
874 1720 949 1770 octo
974 1709 1140 1770 columna·
1196 1690 1255 1768 ries
1277 1705 1387 1790 apices
1406 1702 1586 1787 archetypo
1606 1705 1701 1765 anxie
1726 1709 1764 1766 ac
1785 1706 1944 1789 religiose

393 1834 480 1880 ram.
518 1810 570 1873 An
587 1809 696 1872 simile
719 1807 796 1893 quid
812 1809 845 1870 in
863 1810 935 1888 his,
957 1809 999 1872 de
1022 1809 1139 1894 quihus
1195 1807 1297 1870 fuisse
1327 1806 1503 1871 intensum.
1542 1806 1640 1866 Putet
1669 1804 1756 1866 istud
1787 1809 1943 1870 continuo

390 1915 535 2000 agimus,
565 1911 690 1986 nuntie,
727 1921 781 1972 aut
808 1897 939 1973 nonnisi
972 1932 1034 1994 per
1062 1931 1139 1974 con·
1196 1931 1238 1973 ex
1270 1908 1405 1972 denario
1432 1909 1479 1984 1.‚
1507 1905 1541 1968 in
1572 1925 1638 1990 qno
1669 1907 1870 1971 monetarius
1902 1931 1944 1973 ne

389 2019 536 2102 jecturus
549 2011 699 2076 debiles?
722 2011 793 2076 vit.
808 2012 850 2072 ci
864 2013 936 2098 reri
948 2012 1140 2076 suntOtho·
1196 2010 1329 2095 quidem
1367 2009 1528 2072 rationem
1569 2007 1740 2070 literarum
1781 2007 1944 2074 introrsus

392 2121 443 2188 nia
463 2115 570 2191 ntsmi,
588 2137 633 2178 an
657 2111 856 2187 verisimile,
885 2114 1029 2195 potuisse
1050 2115 1139 2176 'hunc
1195 2111 1371 2186 hiantium,
1402 2131 1485 2196 quae
1513 2108 1629 2172 eadent
1656 2123 1707 2172 cst
1732 2109 1768 2170 in
1794 2111 1945 2196 archety-

392 2219 576 2303 peincipem
593 2228 731 2298 propter
750 2213 880 2296 imperii
900 2215 950 2276 sai
965 2229 1001 2277 et
1017 2215 1138 2294 mrbus,
1195 2231 1255 2294 po,
1283 2225 1320 2274 et
1346 2233 1422 2276 raro
1445 2213 1479 2274 in
1506 2211 1579 2275 aliie
1606 2210 1801 2274 familiarum
1825 2217 1945 2292 numis,

391 2333 428 2385 et
447 2317 642 2384 brevitatem
666 2317 761 2399 operi
783 2313 916 2399 publico
936 2335 1012 2380 esse
1033 2317 1140 2379 inten-
1195 2315 1229 2377 in
1248 2313 1467 2398 imperatoriis
1495 2333 1662 2398 nunquam
1693 2315 1855 2394 occurrit,
1885 2337 1943 2382 ne-

355 2483 358 2491 .
389 2421 482 2486 tum?
503 2418 617 2494 Mitto,
639 2437 681 2480 ne
698 2437 768 2494 me,
789 2417 1017 2503 lectoremque
1036 2419 1139 2486 incas·
1195 2415 1382 2502 gligendsm
1404 2413 1552 2493 duxerit,
1573 2428 1609 2478 ut
1631 2428 1724 2493 recte
1745 2416 1812 2501 jam
1827 2417 1943 2484 adren-

390 2543 463 2588 sum
481 2539 620 2593 rerem,
652 2532 806 2581 sexcenta
826 2518 907 2596 alia,
930 2541 1012 2603 quae
1027 2534 1138 2584 aucto·
1194 2518 1234 2582 tit
1262 2519 1402 2601 pretiosi
1427 2517 1525 2600 hujus
1554 2503 1739 2581 cimelii'et
1769 2539 1942 2604 possessos·

389 2623 436 2687 ris
454 2619 559 2683 nostri
583 2619 778 2682 sententiam
803 2619 1003 2704 expendenti
1021 2635 1136 2705 suapte
1194 2620 1291 2696 olim,
1323 2635 1363 2683 et
1402 2639 1522 2703 praeco
1566 2620 1776 2685 Nenmannus
1807 2626 1850 2706 ¹).
1900 2627 1938 2686 ln

390 2743 466 2788 sese
488 2718 643 2784 offerent.
1192 2743 1291 2785 numo
1320 2723 1427 2804 gentis
1457 2721 1621 2784 Maniliae
1654 2735 1707 2785 eat
1737 2721 1834 2786 litera
1863 2723 1940 2786 aoli-

453 2820 596 2905 Siquis,
618 2839 702 2908 quae
720 2819 855 2884 messit
873 2820 907 2884 in
925 2842 964 2886 re
986 2823 1137 2908 ambigue
1192 2823 1274 2886 taria
1301 2825 1348 2900 E,
1383 2829 1418 2885 in
1446 2823 1568 2900 Maria,
1603 2837 1641 2887 et
1664 2823 1811 2888 Norbani
1840 2837 1939 2888 notae

391 2926 568 3002 coeuntia,
604 2923 772 3010 exquiret,
805 2923 876 3009 ajo,
904 2923 939 2986 in
968 2924 1029 2990 hnc
1058 2947 1138 3010 quo·
1193 2923 1435 3004 arithmeticae,
1461 2925 1645 3012 etquidem
1664 2927 1700 2988 in
1720 2925 1938 2990 Mariaetian

393 3048 458 3113 qne
477 3048 588 3106 eausa,
622 3025 761 3111 perinde
785 3048 824 3092 ac
844 3027 881 3090 in
913 3029 1025 3112 quavis
1050 3029 1135 3108 alin,
1193 3025 1365 3112 utrinqne,
1390 3029 1497 3091 emnia
1515 3047 1556 3089 ex
1574 3027 1826 3110 archetyporum
1844 3049 1940 3111 prae·

393 3146 484 3196 certa
509 3131 544 3192 in
569 3130 671 3194 certia
695 3129 852 3212 putanda,
884 3129 1010 3213 reliqua
1033 3130 1066 3192 in
1090 3132 1138 3193 in·
1195 3143 1308 3213 cepto,
1343 3148 1426 3212 quse
1455 3128 1572 3191 literae
1598 3147 1638 3192 nc
1658 3142 1756 3192 notae
1786 3129 1849 3192 etsi
1871 3149 1940 3191 nro·

391 3233 563 3308 certia,ae
579 3231 667 3294 sorte
689 3231 887 3313 desperatis,
908 3245 962 3292 uut
979 3232 1137 3316 tantisper
1193 3231 1395 3294 cetariorum
1435 3241 1559 3292 tentum
1596 3228 1693 3293 fuere
1732 3229 1939 3308 discrimina,

390 3331 598 3416 seponenda,
617 3331 694 3394 dum
710 3331 798 3393 forte
812 3332 986 3416 aliquando
1003 3337 1059 3396 lux
1073 3357 1139 3397 rna·
1194 3333 1269 3418 qnia
1289 3329 1454 3394 tamenab
1477 3331 1583 3395 altero
1606 3332 1768 3422 scalptore
1789 3346 1938 3396 retentae

390 3435 443 3518 jor
455 3432 633 3516 adsulgest.
661 3433 842 3497 Enimvero
857 3453 1020 3516 expenso,
1037 3455 1134 3518 quem
1191 3433 1340 3510 inerunt,
1362 3432 1415 3496 vel
1437 3431 1514 3497 ideo
1531 3453 1652 3497 eruore
1668 3447 1828 3518 arguunt,
1850 3433 1939 3497 aliud

390 3555 489 3619 supra
507 3533 685 3619 proposui,
711 3533 831 3600 lterum
851 3555 1027 3598 numerum
1052 3550 1136 3600 cata-
1192 3535 1242 3618 illi
1264 3535 1465 3618 propositum
1483 3557 1550 3600 non
1571 3535 1688 3614 inisse,
1709 3555 1805 3621 qnam
1822 3549 1858 3599 ut
1881 3559 1940 3600 nu·

330 3627 336 3637 ¹
388 3639 487 3722 logo,
516 3637 581 3698 tria
603 3636 662 3698 illo
685 3636 927 3699 restitutionum
950 3657 1071 3719 genera
1092 3640 1136 3704 ri·
1192 3659 1280 3700 mum
1303 3639 1501 3702 restitueret.
1546 3637 1635 3699 ldem
1662 3637 1885 3702 amonetario
1903 3639 1936 3700 in

390 3739 454 3804 deo
470 3737 649 3813 contineri,
670 3739 717 3811 l.,
736 3757 846 3802 reram
861 3739 1006 3822 ipsorum
1022 3761 1136 3805 namo·
1192 3738 1414 3822 exprimendis
1439 3737 1619 3803 secundum
1650 3739 1850 3824 archetypon
1878 3741 1936 3802 mi·

388 3861 462 3904 rum
475 3839 734 3914 restitutionem,
751 3841 791 3904 11.
804 3840 1046 3904 restitutionem
1057 3843 1134 3905 ima·
1190 3841 1278 3904 nutis
1312 3841 1444 3925 sigillis,
1468 3859 1563 3926 tquae
1592 3842 1695 3924 vulgo
1724 3855 1937 3908 contemnun-

388 3940 664 4026 gittisprincipis‚
685 3960 723 4004 ae
741 3953 914 4024 praeterea
931 3943 986 4008 111.
1003 3943 1037 4004 in
1054 3964 1134 4006 non·
1190 3957 1261 4019 tur,
1285 3941 1490 4006 obseruatum
1512 3943 1635 4009 rideas.
1677 3945 1714 4005 ln
1738 3965 1838 4009 numo
1858 3967 1938 4030 gen-

388 4046 489 4112 uullis
524 4042 765 4108 restitutionem
799 4055 922 4106 tantum
961 4057 1133 4128 typorum,
1190 4045 1232 4107 tis
1262 4047 1443 4108 Numoniae
1481 4058 1532 4108 est
1566 4059 1660 4111 retus
1697 4047 1937 4134 orthographia

387 4161 442 4212 aut
475 4145 613 4231 insignia
649 4144 828 4230 cujuspiam
865 4144 951 4210 iacti.
997 4147 1131 4232 Singula
1189 4147 1340 4214 VAALA
1352 4146 1482 4228 Trajsni
1498 4161 1603 4236 aetate
1618 4149 1746 4234 pridem
1760 4151 1932 4236 antiquata.

390 4247 501 4332 paucis
518 4247 732 4332 explicemus.
1187 4249 1279 4312 Haec
1310 4247 1338 4311 si
1364 4247 1472 4312 animo
1497 4250 1602 4313 minus
1632 4251 1856 4336 praejudicato
1883 4273 1936 4316 rc·

448 4351 474 4415 l.
490 4351 632 4414 Numam
652 4349 686 4411 in
705 4371 803 4414 sensu
819 4350 931 4436 prims
943 4347 1132 4414 resticulum
1187 4362 1332 4437 putasset
1352 4351 1394 4414 cl.
1419 4351 1451 4414 la
1471 4352 1577 4430 Bcau,
1599 4353 1708 4430 nihil,
1746 4352 1868 4430 credo,
1899 4353 1934 4416 in

387 4449 522 4534 appello
544 4471 638 4527 eum,
671 4453 730 4535 qui
754 4453 800 4516 sie
824 4451 873 4518 ad·
889 4453 1058 4537 archetypi
1080 4453 1133 4517 sni
1187 4453 1239 4517 his
1256 4451 1362 4516 numia
1384 4453 1472 4515 aliud
1492 4451 1625 4517 vidisset
1645 4468 1777 4540 preater
1799 4455 1930 4540 'I'rajsni

384 4551 524 4617 {ormnrn
539 4565 590 4615 est
607 4563 806 4629 exactus,nt
819 4573 885 4617 non
900 4554 999 4618 modo
1015 4554 1132 4618 utrius-
1187 4553 1369 4618 lubidinem
1402 4575 1517 4618 numus
1549 4557 1638 4642 ipsos
1670 4558 1847 4622 restituere
1877 4578 1932 4622 ro·

420 4767 450 4838 a)
469 4761 555 4822 Num.
568 4781 639 4840 pop.
654 4760 687 4820 P.
699 4759 777 4838 1Lp.
791 4771 851 4828 181.
