4254 5494
433 607 506 687 292
616 657 620 668 ,
810 619 815 627 -
1090 571 1327 649 nonem.

423 751 689 823 animalidarsa
708 749 802 812 hirco
820 763 980 829 perquam
996 745 1124 822 simile,
1151 764 1173 806 a
1229 744 1274 807 ait
1303 742 1401 827 plana
1431 742 1599 827 ignotum,
1643 761 1681 806 aa
1714 743 1894 829 praecipuo
1932 765 1986 810 re.

426 881 490 942 quo
500 859 654 943 sortasse
675 851 802 914 Bauius
819 847 1173 930 namaasamiliaada-
1229 859 1319 912 mata
1347 843 1403 908 illa
1432 857 1558 924 aetate,
1594 865 1658 928 qua
1693 866 1850 929 praenena
1886 847 1985 912 dana·

423 963 560 1027 duarum
580 959 696 1046 sitisse
721 954 872 1016 indicare
894 949 1044 1013 valuerit.
1088 945 1171 1041 Quia
1228 950 1297 1012 rina
1315 948 1459 1032 aignataa
1476 947 1554 1024 fait,
1582 967 1647 1032 qna
1664 962 1760 1031 pacto
1782 951 1832 1012 illi
1855 971 1898 1014 ex
1920 953 1982 1014 lin·

422 1069 467 1132 ait
482 1063 537 1128 hic
553 1073 646 1130 vatus
660 1055 813 1139 scriptor,
831 1071 898 1116 non
913 1051 1053 1116 additur.
1076 1050 1172 1142 Quae
1229 1071 1292 1136 gua
1305 1072 1362 1114 aaa
1378 1070 1500 1114 naman
1519 1055 1592 1114 rani
1609 1049 1782 1136 imponere
1804 1057 1978 1136 poteraut?

424 1167 564 1237 Variana
596 1181 639 1225 ax
672 1157 813 1222 aliorum
846 1153 1009 1219 sententia
1043 1151 1170 1227 attulit,
1228 1167 1283 1216 aut
1307 1173 1372 1237 qua
1391 1166 1489 1238 pacta
1506 1152 1623 1217 animal
1640 1153 1727 1218 istud
1751 1159 1825 1218 rani
1847 1158 1980 1222 numina

422 1266 542 1354 anpida
562 1259 705 1346 amplexi
724 1272 798 1321 aunt
814 1256 1027 1332 Vaillantina,
1055 1267 1088 1316 at
1104 1253 1171 1316 Ha·
1226 1255 1328 1318 iniaae
1366 1257 1527 1341 signatum
1567 1270 1722 1344 pptarunt
1758 1259 1978 1337 contendat-a,

419 1385 624 1449 varaampua.
655 1359 756 1424 Addit
775 1371 949 1443 praeterea
966 1355 1169 1430 Vaillantiaa‚
1229 1355 1358 1444 qnando
1376 1357 1570 1424 vocabalum
1593 1359 1680 1422 istud
1697 1361 1786 1422 amni
1804 1375 1897 1426 retro
1915 1363 1978 1424 'La-

417 1493 538 1536 eonum
557 1467 663 1532 adhuc
679 1449 774 1525 utam
794 1479 867 1524 atae
882 1459 916 1520 ia
933 1455 1104 1521 Finlandia
1118 1477 1170 1521 au·
1226 1457 1370 1520 tinorum
1393 1459 1577 1544 antiquitati
1598 1459 1662 1522 fuit
1685 1460 1860 1544 ignotum?
1895 1463 1977 1532 Cum

420 1593 481 1656 pra
508 1571 617 1636 uiuam
645 1563 687 1629 ad
716 1559 893 1627 trahendaa
914 1581 1046 1638 carrua,
1078 1557 1169 1646 quod
1227 1558 1386 1624 deficeret
1408 1574 1519 1637 aetna,
1546 1581 1726 1647 verumque
1751 1583 1874 1629 naman
1892 1567 1978 1628 Lati·

424 1670 658 1737 auntveloaea.
688 1667 741 1728 Ex
758 1661 1168 1752 quapatet‚abaaintel·
1225 1681 1318 1739 unm,
1349 1652 1478 1739 nostra,
1508 1676 1544 1725 nt
1572 1661 1627 1740 fit,
1658 1679 1747 1728 aataa
1769 1667 1905 1751 aliquod
1925 1687 1980 1731 ra·

421 1773 484 1856 ligi
499 1773 633 1849 animal,
652 1767 739 1856 qnod
759 1767 942 1832 ammata
958 1765 1169 1850 appellamus,
1228 1762 1336 1846 perit,
1368 1775 1403 1826 at
1424 1775 1475 1826 eat
1496 1763 1591 1826 nabla
1613 1769 1746 1831 nomina
1768 1773 1904 1832 retronis
1924 1767 1979 1835 val

419 1875 512 1942 (tant
536 1896 661 1940 renuas.
696 1873 741 1935 At
761 1868 839 1936 viria
864 1867 1101 1956 praestantibua
1122 1867 1171 1930 in-
1227 1864 1393 1946 raagfiri
1427 1866 1606 1950 cognitum.
1648 1869 1693 1933 At
1729 1869 1834 1933 multa
1871 1873 1975 1956 magia

420 1975 621 2060 quirendum
650 1987 725 2038 aute
755 1970 864 2036 amnia
893 1969 1019 2048 fuerat,
1059 1983 1169 2032 utrum
1226 1965 1428 2045 mirandum,
1449 1989 1523 2031 cum
1540 1969 1616 2034 bina
1632 1969 1760 2034 danarfi
1781 1973 1888 2035 naatri
1908 1973 1975 2037 ani·

420 2078 576 2142 Romania
607 2075 774 2162 cognitum
805 2093 945 2158 uuquam
973 2071 1075 2134 fuerit
1100 2069 1168 2134 ani·
1226 2067 1323 2130 mulia
1371 2081 1437 2132 tam
1474 2071 1624 2155 perfecta
1645 2073 1771 2148 lii-aaa
1812 2073 1977 2152 referant,

419 2177 595 2256 maliatud,
612 2177 699 2264 quad
714 2187 826 2260 tuapte
842 2173 1005 2238 domicilia
1019 2195 1075 2237 aaa
1089 2191 1170 2235 nan*
1227 2189 1323 2253 quam
1349 2191 1489 2254 anquam
1513 2173 1624 2237 hircus
1647 2175 1817 2240 fabricarit
1843 2190 1975 2254 natura,

420 2282 484 2344 niai
522 2279 735 2365 frigidissimo
771 2275 1012 2360 S‘aptentrionia
1050 2264 1169 2337 tractui
1226 2289 1326 2353 pausa
1349 2271 1414 2335 dici
1435 2293 1596 2354 renones,
1626 2279 1840 2362 quitantur
1862 2299 1977 2345 cerva·

418 2365 694 2466 admovet'Ejaa
715 2393 830 2444 natura
852 2399 926 2442 aum
948 2375 1032 2440 adea
1053 2375 1169 2441 advar-
1224 2393 1299 2435 rum
1321 2394 1463 2474 ganuae,
1495 2389 1532 2438 at
1553 2377 1678 2440 formae
1700 2379 1799 2462 plana
1821 2380 1976 2464 disparia,

418 2501 511 2550 artur
526 2485 643 2563 calori,
661 2497 697 2548 ut
711 2483 745 2546 in
763 2479 990 2559 Germaniam,
1015 2475 1169 2543 Galliam·
1223 2488 1260 2538 et
1279 2495 1354 2540 cum
1372 2477 1407 2540 in
1425 2477 1489 2542 hoa
1507 2475 1644 2542 denaria
1666 2480 1772 2543 nolint
1779 2491 1974 2566 agnoscere

418 2607 461 2651 aa
483 2587 517 2650 vi
538 2583 682 2670 migrare
703 2587 827 2667 jairum
847 2595 923 2667 pant
944 2601 1067 2665 paaaaa
1095 2581 1166 2664 pla·
1220 2579 1369 2657 hircum,
1400 2579 1519 2642 mirum
1540 2579 1677 2657 iturum,
1712 2603 1773 2646 aar
1794 2585 1914 2652 animal
1934 2585 1975 2648 ai·

417 2706 557 2771 numqua
580 2685 651 2749 dias
673 2683 837 2767 exspiret,
860 2703 926 2766 quo
948 2695 1042 2766 pacta
1060 2681 1164 2746 ltaliai
1222 2681 1396 2744 utillimum
1418 2681 1452 2741 in
1473 2683 1580 2746 numia
1600 2685 1708 2768 gantis
1728 2685 1887 2750 Fautaiaa
1909 2707 1976 2750 ma·

413 2787 506 2850 coeli
534 2799 660 2850 aestum
687 2785 812 2862 ferrat,
852 2781 983 2870 quanda
1012 2795 1163 2865 teporem
1220 2783 1284 2845 lint
1304 2782 1418 2844 dia‘ara
1437 2782 1583 2862 hircum,
1606 2805 1700 2869 quam
1717 2805 1888 2852 ronanam.
1912 2789 1975 2856 Vr·

420 2887 652 2952 Germanicum
662 2887 816 2972 parlarra
834 2905 899 2948 nan
915 2883 1047 2969 pateat?
1070 2885 1162 2960 Sunt,
1222 2883 1312 2962 aino,
1342 2883 1398 2967 qui
1426 2899 1501 2950 anta
1530 2887 1595 2952 duo
1621 2903 1657 2954 et
1684 2890 1820 2972 amplius
1841 2889 1973 2952 aaeanla

417 2989 543 3082 quibua¹
561 2988 723 3055 habitaaia
748 2989 832 3054 alim
861 2988 950 3051 inter
970 2985 1165 3052 Germaniae
1221 3005 1317 3047 auum
1336 2987 1546 3052 Familiarum
1561 2993 1779 3054 Romanarum
1796 3011 1877 3074 opas
1895 2994 1973 3055 acri-

412 3089 1076 3184 Galliaaquenivaavariaimilelvidetar,
1100 3109 1166 3175 qna
1223 3087 1304 3170 psit,
1335 3089 1462 3152 veniam
1485 3089 1612 3170 damus,
1639 3093 1667 3156 ai
1692 3111 1854 3156 renonum
1882 3109 1971 3158 nata·

415 3209 566 3279 tempora
584 3207 721 3278 utraque
738 3191 820 3258 haer
836 3194 932 3279 regio
951 3204 1088 3276 propter
1105 3190 1167 3253 aal-
1223 3209 1293 3254 ram
1315 3191 1420 3252 minua
1443 3191 1554 3256 habuit
1575 3209 1793 3278 perspectam.
1825 3197 1876 3258 Aa
1899 3219 1973 3282 pas·

412 3309 508 3359 tunm
537 3293 758 3380 palndnmqua
784 3294 905 3358 inculta
931 3293 1059 3376 frigora
1088 3312 1166 3356 aan-
1220 3311 1331 3354 samaa
1348 3291 1418 3374 pari
1434 3291 1637 3379 indulgentia
1657 3317 1814 3361 exaurata
1829 3299 1972 3366 Vnillan·

415 3408 511 3460 crata
540 3394 658 3477 jacuit,
696 3407 729 3458 at
760 3395 878 3457 horum
908 3395 1096 3475 conjectura
1129 3397 1164 3458 in
1220 3393 1320 3469 tium,
1341 3413 1383 3458 aa
1407 3396 1881 3484 praecipuaHavercampum?
1912 3403 1974 3465 Ca·

293 3539 296 3546 1
415 3495 513 3559 dubia
543 3495 618 3558 lulii
647 3495 813 3573 Capraria,
848 3516 886 3560 aa
907 3495 1014 3569 *Plinii
1042 3495 1165 3562 danari·
1220 3507 1329 3558 taram
1348 3516 1407 3558 cur
1426 3497 1464 3562 C.
1480 3499 1587 3561 Renio
1604 3501 1771 3566 hircorum
1786 3501 1884 3584 higna
1904 3503 1971 3586 pla·

419 3599 534 3682 ptiaua
555 3597 680 3666 aititur.
705 3597 792 3663 Cam
813 3615 895 3683 argu
917 3599 1072 3664 Romania
1092 3599 1176 3665 iata·
1216 3600 1369 3676 ararim,
1391 3597 1591 3682 ignoramus.

989 4005 1338 4070 moscha

474 4201 567 4266 Gana
586 4201 725 4286 plebeia.
749 4203 941 4290 Cognamen
960 4205 1114 4270 Fabatus.
1283 4201 1510 4295 Qai'Laaurin
1528 4201 1658 4266 oriundi
1673 4203 1785 4280 lurra.
1808 4211 1965 4272 lunanum

555 4305 596 4366 L.
617 4303 760 4372 ROSCI,
803 4308 912 4391 Caput
938 4307 1080 4372 Iunonis
1108 4307 1161 4374 Si·
1217 4303 1387 4386 Sitpllam‚
1418 4305 1556 4368 maxima
1578 4303 1743 4389 religione
1765 4307 1829 4373 ltaa
1850 4309 1884 4372 in
1908 4331 1965 4394 op·

552 4409 677 4486 spirae,
708 4427 794 4492 pana
828 4413 998 4474 variantia
1027 4411 1158 4475 minuta
1216 4405 1295 4490 pido
1326 4407 1465 4483 auitam,
1506 4406 1612 4470 narnia
1643 4409 1710 4472 ania
1743 4409 1964 4480 inserueram,

555 4508 682 4588 sigilla.
1216 4507 1437 4574 Luculentum
1467 4509 1537 4592 ajua
1568 4509 1753 4595 exemplum
1785 4515 1819 4576 iu
1846 4517 1966 4598 Papia,

389 4605 585 4692 'annm
610 4610 715 4692 Virgo
732 4611 1160 4694 adsurgaarrm'aarpaatam
1214 4623 1251 4676 at
1269 4611 1392 4678 'l'haria
1412 4611 1587 4690 labamur,
1608 4625 1642 4678 at
1664 4613 1780 4679 andern
1802 4613 1844 4680 da
1867 4636 1962 4690 aaran

411 4727 455 4772 aa
479 4711 556 4772 siau
578 4712 708 4790 pascit,
740 4713 777 4773 ia
801 4729 882 4776 area
905 4716 1076 4780 variantia
1101 4718 1162 4778 mi·
1218 4714 1402 4778 Antoniana
1437 4713 1539 4790 Pina,
1584 4729 1619 4781 at
1656 4715 1856 4782 commoriar
1892 4739 1963 4782 arm

411 4824 495 4875 nata
513 4811 639 4894 sigilla.
662 4811 745 4874 Sunt
761 4813 896 4890 armati,
918 4827 952 4876 at
969 4813 1007 4877 C.
1218 4833 1349 4900 quaqua
1372 4816 1476 4878 numia
1499 4817 1758 4904 insculptarum,
1784 4820 1858 4904 quia
1877 4833 1966 4884 atar-
