4224 5492
688 568 693 578 ’
776 568 1018 643 MARCIA.
1597 591 1672 672 24«)

123 735 277 813 inficiari,
302 755 399 819 posse
422 747 591 819 praeterea
610 735 731 800 referri
751 735 792 801 sd
811 735 871 802 do·
927 735 1084 820 Antigoni
1114 738 1138 798 l.
1168 735 1311 800 Gooatae
1343 736 1571 818 disseruimus,
1612 745 1671 814 sed

127 838 293 902 masticem
315 837 420 920 gentis
442 836 589 912 laudem,
620 861 693 902 nem
721 838 762 933 Q.
785 843 871 904 Mar-
929 842 1024 904 etiam
1044 839 1140 901 litera
1160 831 1213 916 ll),
1239 859 1321 924 quae
1342 855 1528 906 constanter
1548 845 1597 907 his
1616 843 1672 908 de·

125 939 179 1002 oio
213 940 372 1002 Tremulo
411 937 503 1002 victis
541 939 695 1003 Hernicis
734 953 871 1028 statuam
928 941 1028 1004 uariis
1050 939 1195 1018 additur,
1225 953 1259 1003 et
1281 954 1371 1006 certo
1393 959 1551 1027 ᾳρχαιυσα
1571 945 1674 1006 nomi-

126 1053 313 1124 equestrcua
357 1039 489 1124 publice
533 1041 671 1124 positam
713 1055 873 1107 testantur
929 1043 979 1104 nis
999 1035 1144 1103 ‹lnnms
1165 1054 1225 1108 est.
1254 1043 1369 1128 Atqui,
1391 1043 1481 1128 quod
1498 1061 1594 1129 caput
1611 1061 1674 1125 est,

125 1141 239 1204 Livius
262 1145 308 1222 ¹),
332 1155 365 1204 et
385 1141 509 1204 Plinius
527 1139 576 1223 ἰ1).
609 1145 871 1226 Havercampus,
929 1157 1056 1208 constat
1079 1163 1209 1228 qnoque
1224 1163 1274 1208 ox
1294 1143 1390 1210 Livio
1411 1147 1457 1227 e),
1487 1145 1529 1238 Q.
1548 1147 1672 1213 Marcio

126 1241 179 1308 cui
207 1261 306 1325 saepe
334 1243 367 1302 in
397 1241 559 1306 levissima
585 1263 756 1306 atomorum
786 1245 871 1326 peri·
929 1245 1083 1328 Philippo
1109 1244 1300 1320 amicitiam,
1332 1247 1571 1332 hospitiumque
1599 1269 1674 1312 cum

126 1342 204 1406 atesi
219 1343 487 1426 amplissimarum
504 1364 615 1406 rerum
630 1343 748 1408 iudicia
765 1347 869 1410 latere
930 1347 993 1408 ltoe
1011 1365 1091 1429 rege
1111 1347 1263 1429 Philippo
1281 1347 1397 1422 fuisse,
1425 1369 1490 1430 quo
1513 1349 1597 1412 adeo
1621 1369 1676 1413 se·
1794 1404 1801 1412 .

128 1444 299 1520 ridentur,
332 1464 404 1506 cnm
434 1443 563 1514 rideret
590 1445 624 1506 in
653 1445 702 1508 his
730 1446 871 1510 denariis
928 1460 1002 1512 tere
1020 1449 1125 1532 gentis
1142 1467 1218 1512 suae
1235 1448 1361 1510 honore
1379 1451 1543 1530 posterior
1561 1449 1615 1512 hie
1633 1451 1673 1516 L.

128 1544 283 1626 fruticem
305 1545 488 1610 silvestrem
510 1545 569 1607 sub
590 1565 676 1630 equo
695 1567 872 1631 exsurgen-
930 1548 1101 1632 Phiiippus
1123 1549 1157 1610 in
1179 1550 1242 1612 hoc
1261 1569 1360 1612 numo
1384 1549 1553 1632 gloriatur.
1589 1549 1677 1616 Vidi·

128 1661 214 1723 tcto,
250 1667 292 1708 co
323 1645 452 1728 putabat
480 1646 799 1710 indicari'audaccm
831 1647 872 1742 Q.
931 1671 1001 1712 mua
1021 1671 1118 1732 supra
1135 1649 1169 1709 iu
1187 1649 1293 1736 nuruis
1315 1651 1460 1712 Cornelii
1477 1650 1586 1714 Fausti
1603 1651 1675 1714 Sul·

127 1747 245 1811 Marcii
275 1747 419 1830 Philippi
449 1745 713 1830 expeditionem,
753 1769 816 1832 qua
845 1750 872 1810 is
931 1749 982 1811 lae
1007 1751 1043 1812 F.
1069 1749 1164 1810 etiam
1189 1753 1277 1832 regis
1300 1751 1424 1814 Bocchi
1448 1765 1543 1833 caput
1568 1771 1678 1813 mone·

129 1871 191 1934 per
219 1846 319 1910 saltos
347 1861 382 1912 et
408 1847 478 1912 aria
506 1849 539 1908 in
567 1848 811 1926 Macedoniam,
839 1865 875 1912 ot
932 1863 984 1914 tae
1002 1851 1168 1912 Romanae
1189 1849 1327 1914 illatum.

129 1950 254 2014 bellum
276 1950 400 2013 Perseo
422 1947 565 2024 laceret,
595 1949 787 2032 penetrarit.
832 1953 875 2012 At
1193 1999 1212 2036 ,
1296 1952 1315 1987 *
1399 1998 1418 2035 ,

129 2053 219 2116 idem
240 2049 294 2114 hic
316 2049 444 2126 lrutex',
482 2069 541 2111 sco
564 2049 769 2133 quidcunque
792 2051 875 2114 illud
934 2052 1087 2118 Murrius
1106 2055 1262 2114 incertus.
1301 2067 1306 2076 ·

130 2167 198 2228 cst,
222 2150 310 2236 quod
332 2151 391 2214 sub
414 2169 499 2234 equo
521 2151 737 2234 conspicitur,
761 2151 878 2214 conlis-
1076 2151 1183 2233 Caput
1216 2151 1367 2244 Palladis
1396 2152 1542 2230 oletum,
1577 2155 1679 2233 juxta

130 2268 211 2332 ruat,
229 2272 303 2316 esse
321 2271 439 2314 resera
455 2263 591 2313 statuam
607 2267 794 2335 equestrem
812 2252 878 2315 cui·
975 2267 980 2280 ·
1074 2266 1211 2314 ostrum.

130 2355 204 2420 daos
228 2375 270 2418 ex
293 2366 392 2436 gente
413 2351 536 2415 Marcia
558 2355 713 2436 positam,
746 2367 779 2416 et
807 2374 878 2416 ser·
933 2355 979 2417 M.
998 2353 1129 2415 MARC.
1167 2355 1318 2415 Wctorio
1340 2355 1377 2414 in
1399 2355 1479 2416 ciris
1499 2356 1603 2438 bigis,
1628 2359 1679 2420 s'n·

132 2457 200 2522 rire
225 2455 348 2525 fulcro,
379 2451 433 2514 coi
462 2451 563 2515 scitos
592 2453 709 2516 artifex
739 2476 877 2520 marmo-
922 2456 1234 2538 sraduoespr'coe,
1255 2450 1445 2520 cenom.
1469 2457 1537 2518 All.
1555 2457 1626 2520 llll.

129 2579 239 2630 ream,
278 2573 476 2639 gravemque
506 2575 643 2621 messam
676 2556 752 2640 equi
781 2555 876 2620 inniti
995 2557 1041 2620 M.
1072 2553 1221 2619 MARCl.
1260 2557 1305 2618 Μ.
1340 2556 1378 2620 F.
1417 2557 1450 2618 in
1489 2557 1676 2640 quadrante.

132 2659 251 2734 soluit,
286 2677 349 2740 qus
375 2657 502 2718 ratione
531 2675 691 2740 persaepe
719 2657 874 2724 solidiora
931 2658 1003 2723 att.

130 2763 223 2844 signa
251 2755 425 2822 sustentari
451 2756 618 2834 ridemus,
649 2757 740 2840 cujus
768 2779 876 2822 exem·
1189 2785 1209 2824 a
1294 2737 1312 2776 ⁹
1397 2787 1416 2824 s

130 2861 223 2946 ploos
245 2857 352 2922 habeo
373 2857 407 2918 io
429 2855 513 2919 binis
536 2858 647 2924 statuis
671 2861 888 2944 equestribus·
997 2856 1098 2920 Obrii
1115 2869 1189 2920 sunt
1207 2856 1348 2932 denarii,
1371 2877 1453 2941 quos
1469 2860 1532 2940 jam
1550 2861 1584 2920 in
1603 2880 1681 2943 gen·

132 2961 244 3026 aeneis
280 2959 384 3024 mosei
421 2959 677 3024 Herculanensis
701 2964 741 3040 ο).
786 2962 879 3042 Ejus·
936 2973 969 3022 te
988 2957 1141 3032 Claudia,
1168 2957 1340 3020 etllsolia
1362 2957 1514 3034 recitari,
1544 2961 1577 3022 in
1601 2981 1681 3042 qno-

132 3063 223 3128 modi
244 3059 453 3130 lulcrsdicts
472 3061 566 3124 luere
587 3060 797 3139 adminicula,
824 3076 878 3128 aut
935 3080 1010 3124 rum
1032 3079 1146 3122 averso
1168 3057 1324 3138 leguntur
1345 3055 1406 3118 tria
1431 3059 1580 3122 nominas
1613 3063 1681 3122 ΑΡ.

133 3165 231 3230 ctiam
248 3184 363 3238 verua,
383 3160 548 3246 quomodo
564 3161 762 3226 Prudentius
779 3181 877 3248 eque·
937 3159 1003 3222 ct..
1024 3159 1062 3216 Τ.
1082 3156 1205 3232 ΜΜἫ
1229 3155 1270 3219 dc
1289 3156 1388 3220 tortio
1406 3155 1567 3241 litigatur,
1593 3163 1681 3244 quod

132 3281 216 3330 atres
242 3266 481 3327 Dioscororum
503 3277 624 3329 statuas
646 3265 804 3331 describit
827 3263 877 3346 d)a
936 3257 1129 3328 Vsillantius
1151 3258 1215 3340 jans
1237 3257 1320 3343 legit
1341 3256 1384 3353 Q.
1402 3261 1525 3338 utun,
1552 3262 1615 3343 jam
1637 3261 1679 3358 Q.

131 3369 260 3450 gemini
274 3369 541 3448 quoquesrctrcs
562 3400 575 3414 ·
594 3399 609 3416 ·
629 3365 815 3446 impendent
831 3385 881 3426 re·
936 3361 1009 3429 VR.
1050 3363 1087 3422 ln
1113 3359 1261 3424 Mucellii
1289 3379 1389 3424 numo
1416 3363 1609 3445 exprimitur
1637 3363 1680 3458 Q.

136 3473 263 3530 tinente
289 3485 385 3540 cern,
423 3463 577 3527 nimirum
606 3467 694 3549 quod
726 3468 817 3532 velot
846 3467 880 3528 in
937 3465 1062 3537 stult..
1085 3461 1184 3526 etsic
1203 3460 1427 3529 inVrsiniano
1445 3485 1586 3549 quoque.
1617 3467 1683 3528 Ha-

135 3589 212 3630 sere
231 3565 340 3629 librati
358 3567 541 3650 prolapsuri
560 3581 686 3645 essent,
707 3567 770 3630 uisi
788 3589 880 3644 veru,
938 3583 1129 3648 vos-campos
1173 3563 1324 3650 eandem,
1351 3565 1526 3630 lectionem
1573 3581 1682 3628 tuetur

134 3691 194 3732 seu
209 3668 440 3731 adminiculum
452 3663 626 3735 retineret.
647 3669 699 3732 Ab
713 3670 773 3734 lsac
790 3671 881 3734 dein·
937 3664 1148 3750 provocando
1175 3665 1216 3730 sd
1242 3665 1331 3749 ipsos
1359 3686 1475 3729 numos
1497 3665 1533 3746 ί).
1577 3667 1620 3729 At
1647 3667 1682 3730 io

133 3771 178 3839 sle
200 3783 302 3832 statua
323 3769 539 3834 monetarium
565 3786 771 3855 praesentem
796 3794 883 3836 surn-
938 3789 998 3832 sex
1024 3765 1245 3852 integerrimis
1272 3769 1376 3830 mosei
1399 3767 1567 3844 Caesarei,
1600 3787 1682 3852 quos

135 3873 239 3957 psisse
258 3883 367 3952 typum
385 3869 560 3954 probabile:
575 3886 634 3938 est.
939 3870 1056 3956 partim
1079 3871 1112 3930 in
1134 3868 1285 3945 Claudia,
1310 3869 1428 3953 partim
1447 3867 1566 3932 Manlia
1586 3889 1683 3954 quae·

199 3973 361 4038 Ducarius
381 3973 435 4038 lll.
457 3987 584 4038 certam
600 3973 746 4058 Philippi
762 3975 882 4038 Dense-
938 3987 1009 4050 rsa,
1038 3961 1227 4036 commorer
1257 3970 1378 4054 legitor
1410 3969 1452 4064 Q.
1476 3971 1547 4038 vlt.
1591 3973 1683 4056 Ergo

135 4077 192 4140 tsa'i
219 4077 265 4140 F..
283 4073 496 4138 Macedoniae
527 4075 617 4160 regis
651 4089 747 4159 caput
779 4075 879 4153 sistit,
937 4075 1001 4142 riri
1030 4075 1064 4138 lai
1097 4087 1152 4138 sat
1187 4085 1261 4168 sapt
1291 4071 1440 4155 decepti,
1478 4085 1532 4134 sut
1566 4093 1683 4140 revera

134 4175 226 4263 qood
264 4175 478 4258 comprobant
513 4196 581 4239 uon
621 4177 719 4241 modo
759 4194 881 4242 coruus
939 4177 1054 4242 tertios
1075 4175 1171 4240 lllrir
1198 4175 1263 4238 slio
1290 4185 1440 4258 tempore
1468 4173 1594 4238 additos
1622 4175 1683 4240 l'oit

133 4279 263 4344 hircina
285 4279 398 4360 galeae
423 4277 547 4352 addita,
574 4277 617 4342 dc
643 4297 707 4364 qno
732 4277 884 4342 Maccdo—
942 4279 985 4371 Q.
1009 4279 1193 4354 miletus,
1224 4275 1288 4340 alic
1319 4273 1361 4367 Q·
1384 4277 1444 4344 VR
1473 4311 1487 4326 ·
1515 4311 1528 4326 ·
1557 4313 1571 4326 ·
1600 4279 1686 4363 qais·

132 4381 209 4448 nias
233 4401 350 4464 regunt
370 4378 462 4450 cultu
485 4377 576 4456 ride,
601 4401 684 4464 quae
704 4379 746 4446 ad
767 4401 883 4444 numos
941 4379 1013 4466 quis
1046 4381 1100 4444 laio
1134 4377 1196 4442 tuit
1231 4378 1271 4442 ab
1301 4377 1351 4442 lais
1380 4377 1485 4442 literis
1515 4381 1685 4465 incipieus.

170 4687 415 4754 aliems-..om
531 4687 850 4760 b)1..xxxtv.t.n.
962 4687 1414 4758 c)llronsi'1'.ll.tab.63.65.
1527 4689 1682 4762 dJrontta

130 4778 307 4854 symrnmlr.
417 4777 765 4854 c)L.XLll.c.38,59.
877 4779 988 4852 Dpag.
1002 4789 1045 4854 91.

203 4887 298 4970 (ror.
317 4887 376 4970 r.)
1409 4887 1422 4944 t
1444 4884 1455 4944 i
