4180 5484
746 561 1015 640 nonanta.
1585 591 1665 672 tu).

250 753 340 812 men,
366 735 404 798 in
423 732 543 796 nartem
563 732 735 797 nonnullis
750 731 855 814 jueta
911 732 1019 818 gentis
1036 725 1186 810 caesiis,
1207 743 1321 797 notare
1337 733 1538 818 Apollinem.
1568 739 1657 834 Quid

248 855 497 921 monogramma
515 833 584 898 ΔΡ.
911 835 940 899 ci
964 847 1143 920 praecunte
1166 853 1265 896 numo
1288 833 1393 898 altero
1417 841 1522 904 musei
1542 840 1658 906 caess·

110 941 197 1004 Puer
219 938 334 1004 alatus
351 941 388 1002 in
411 937 506 1000 itirco
526 936 695 1014 equitans,
719 933 756 998 in
776 955 855 998 area
910 936 977 1013 rei,
1008 955 1106 1020 quem
1136 953 1213 998 max
1238 935 1424 1015 citavimus,
1452 939 1486 1000 in
1515 961 1580 1025 quo
1607 956 1659 1006 cst

108 1042 174 1103 auo
196 1039 282 1123 pilei
306 1039 567 1111 annnorum,
591 1037 685 1122 infra
707 1034 853 1118 thyrsus,
910 1037 982 1100 EX.
1004 1037 1405 1120 A.1³.,·m0uogrmno
1432 1040 1516 1104 iliud
1545 1042 1661 1128 legen·

110 1142 222 1204 omnia
239 1142 334 1202 intra
351 1157 509 1201 coronam
525 1149 697 1220 myrteam.
724 1137 797 1204 alt.
815 1135 851 1200 C.
910 1135 987 1200 dum
1005 1149 1094 1201 esset
1108 1137 1290 1218 Argentum
1305 1139 1490 1216 Pamisum,
1505 1142 1659 1226 quemod-

249 1239 323 1306 Ex.
339 1239 378 1300 Δ.
394 1239 433 1302 Ρ.
460 1239 567 1320 Caput
583 1238 704 1300 simile.
908 1237 1044 1300 nodum
1067 1236 1102 1298 in
1122 1234 1234 1299 Sentis
1257 1238 1386 1321 planius
1408 1240 1531 1325 legitur
1552 1241 1656 1312 Ana.

110 1339 236 1404 Eadem
253 1360 379 1402 auersa.
398 1337 619 1420 (Maecena.)
642 1337 852 1422 tumn.
910 1339 1033 1408 Pvssn
1070 1340 1160 1402 Puer
1186 1337 1289 1400 elutus
1315 1358 1414 1422 cupro
1440 1341 1585 1408 insidens
1611 1343 1658 1412 vi·

172 1441 278 1523 Caput
307 1441 431 1504 untione
460 1460 526 1502 non
558 1437 676 1521 injuris
707 1437 853 1502 creditus
911 1439 1009 1504 detor
1028 1437 1136 1523 potius
1155 1457 1229 1502 esse
1248 1439 1363 1520 genius
1382 1439 1485 1524 ipsius
1503 1443 1658 1528 vajano,

111 1561 184 1606 ecee
203 1541 366 1625 Apollinis
385 1541 539 1623 Vejoris,
565 1539 659 1619 cujus
682 1553 852 1622 protome,
911 1561 1008 1626 quum
1044 1537 1134 1626 quod
1168 1539 1239 1604 siiis
1279 1540 1402 1620 risum,
1442 1543 1587 1627 Cupido,
1624 1547 1660 1609 in

110 1643 173 1708 etsi
203 1641 335 1726 dispare
367 1641 475 1719 cuitu,
513 1639 625 1705 addito
656 1639 755 1705 etium
785 1641 852 1706 ΑΡ.
911 1663 977 1729 qno
1004 1661 1127 1727 sequor
1146 1640 1350 1720 Peucetiam,
1381 1643 1437 1727 qui
1467 1644 1569 1710 alatus
1600 1667 1682 1730 pan

109 1763 228 1828 nempe
244 1743 379 1821 stalla,
394 1743 589 1828 proponitur
604 1742 638 1804 in
653 1740 760 1804 numis
776 1761 852 1825 geu·
912 1743 1017 1820 elios,
1050 1739 1113 1803 nisi
1133 1761 1208 1805 curn
1229 1741 1396 1826 sagittans,
1430 1764 1661 1812 nronmvete·

109 1846 150 1908 tis
167 1847 314 1911 Caeciae.
336 1845 389 1908 Ad
408 1844 490 1908 illud
509 1842 787 1928 comprobandum
810 1843 856 1906 ci·
911 1847 1020 1920 nent.
1048 1843 1165 1927 genios
1196 1856 1287 1926 putat
1311 1846 1354 1926 c).
1408 1846 1494 1910 Pilei
1521 1850 1660 1914 Dioscu-

111 1948 249 2010 tuvimns
267 1946 313 2010 ibi
331 1945 551 2010 testimonium
568 1945 671 2011 Genii
691 1947 739 2028 ⁸),
762 1945 855 2028 cujus
911 1964 1026 2007 aarum
1057 1941 1098 2006 ud
1127 1941 1208 2016 deos
1236 1943 1378 2008 Penates
1405 1949 1587 2029 pertinent,
1617 1949 1661 2014 dc

110 2069 188 2110 mox
213 2047 445 2130 consequentia
467 2048 567 2115 verbu
589 2069 735 2116 eremum
758 2047 855 2132 hujus
913 2043 1030 2132 quibus
1052 2043 1085 2105 in
1108 2045 1382 2127 praecedentibus
1405 2050 1557 2114 denariis.
1591 2051 1660 2114 Cau

109 2150 238 2212 decurii
255 2147 428 2212 commode
446 2149 626 2233 puplicanis
648 2151 858 2216 immolatur·
911 2145 1030 2230 signati
1050 2158 1222 2229 praeterea
1238 2147 1386 2229 thyrsus,
1411 2163 1448 2212 et
1462 2167 1588 2232 myrtea
1607 2171 1662 2216 cn·

110 2271 174 2330 que
202 2252 259 2312 illi
283 2249 433 2333 (Veiovi)
462 2253 532 2314 ritu
555 2251 700 2314 humano
725 2251 857 2333 (legunt
912 2269 1009 2324 rouo,
1034 2249 1171 2330 ignaro,
1196 2259 1230 2310 at
1251 2249 1367 2326 cunm,
1393 2251 1465 2335 quis
1487 2251 1588 2315 suerit
1608 2254 1662 2318 hio

110 2351 185 2414 elii:
217 2353 378 2431 Cumano)
399 2369 515 2430 capra,
542 2351 676 2432 ejusque
697 2351 857 2414 animulis
915 2351 1002 2412 Mun.
1025 2349 1184 2414 Fonteius
1216 2347 1335 2414 horum
1366 2365 1481 2418 cactus
1513 2352 1665 2421 denario·

98 2449 301 2537 figmentum
312 2453 413 2528 juata
429 2451 645 2514 simulacrum
663 2463 749 2528 stat,
770 2451 859 2537 quud
915 2471 1002 2518 sum.

110 2551 284 2616 confirmat
314 2551 452 2616 Ovidius
489 2551 536 2615 sic
574 2549 615 2614 de
646 2552 774 2636 chuve
811 2553 861 2618 io-
1165 2577 1194 2624 ,e
1277 2531 1298 2570 *
1381 2579 1402 2619 e

111 2672 217 2740 queas
233 2651 289 2732 ,¹²);
320 2651 396 2715 Stat
415 2671 541 2732 quaque
560 2673 660 2736 capra
676 2655 788 2718 simul.
815 2656 860 2718 At
920 2653 1049 2737 Capita.
1173 2663 1190 2692 ·“

111 2753 202 2838 quod
223 2752 310 2816 idem
329 2765 419 2818 vates
435 2753 547 2838 paullo
562 2753 657 2819 ultius
676 2753 776 2818 cauit:
1057 2755 1096 2816 P.
1114 2751 1349 2822 FONTEIVS.
1371 2755 1408 2821 P.
1423 2757 1463 2824 F.
1487 2758 1661 2829 CAPITO.

1058 2855 1191 2922 luvm.
1217 2857 1324 2938 Caput
1343 2857 1473 2920 Martis
1489 2863 1664 2942 galeatum

176 2953 325 3038 luppiter
341 2968 390 3019 cst
403 2954 553 3034 iuuenis,
568 2955 734 3034 iuveniles
751 2957 862 3038 aspice
1055 2959 1263 3038 promicante
1281 2960 1411 3038 egenis
1429 2959 1604 3043 lanugine,
1628 2976 1663 3026 et

504 3058 632 3134 uultus,
1056 3076 1143 3136 pane
1161 3069 1307 3136 tropaeo.

221 3155 350 3235 Aspice
377 3157 493 3220 deinde
526 3177 678 3234 manum,
706 3157 860 3239 -sulmina
917 3152 1387 3222 MAN.FONT.TR.M1L.
1423 3157 1534 3236 Eques
1557 3165 1663 3229 citato

506 3259 602 3320 nulla
623 3270 723 3320 tenet.
916 3279 1033 3334 cursa,
1053 3257 1181 3336 irfferne
1187 3256 1325 3341 figurae
1341 3259 1426 3321 duae
1443 3261 1480 3321 in
1498 3264 1665 3346 singulari

178 3355 337 3422 Fulmina
365 3369 443 3440 past
475 3375 576 3421 ausos
609 3359 736 3422 coelum
770 3358 860 3442 alfe·
916 3357 1254 3423 corrosanum.
1459 3405 1465 3420 .

506 3469 598 3522 ctare
619 3456 788 3540 Gigantas
909 3509 930 3534 .‚
1057 3457 1099 3524 P.
1126 3457 1361 3532 FONTEIVS.
1398 3459 1572 3532 CAPITO.
1606 3468 1665 3528 111-

185 3597 189 3604 ·
223 3557 364 3645 Sumpta
377 3559 469 3635 Iouis
487 3561 598 3645 primo
616 3570 762 3645 ternpore
775 3563 861 3624 iner-
1058 3559 1146 3630 vm.
1162 3558 1436 3638 ,coucottmn
1461 3567 1567 3646 Caput
1584 3569 1665 3632 Can·

505 3663 571 3726 mis
589 3674 682 3735 erata
1060 3663 1195 3724 cordiae
1214 3663 1370 3728 uelatum.

918 3763 959 3831 P.
973 3763 1079 3829 mm.
1098 3763 1187 3828 tttP.
1204 3763 1291 3831 vti..
1305 3764 1405 3832 PVB.
1435 3767 1590 3832 Porticus
1606 3770 1666 3832 cta·

114 3859 203 3930 istud
221 3861 401 3928 sententiae
419 3860 461 3927 tc
477 3863 605 3948 Vejave
628 3863 663 3926 in
686 3875 860 3948 praesente
913 3867 1000 3950 plici
1014 3869 1051 3930 in
1069 3866 1177 3928 altum
1191 3863 1420 3930 columnarum
1433 3871 1525 3932 serie.
1538 3874 1685 3954 compi·-

115 3984 217 4030 numo
234 3963 440 4048 signatoncn
455 3987 569 4051 purum
584 3967 701 4030 obesse
718 3963 860 4042 videtur,
916 3987 993 4032 cua.
1012 3967 1083 4030 AR.
1098 3968 1140 4031 R.
1538 4023 1542 4032 ,
1681 4017 1687 4026 .

113 4088 192 4132 num
209 4064 295 4130 intra
313 4066 383 4149 ejus
400 4081 495 4151 caput
511 4067 714 4132 luculentum
733 4079 785 4130 est
798 4064 863 4130 inl·
1060 4068 1098 4136 C.
1112 4065 1348 4136 FONTEIVS.
1366 4067 1541 4138 cmo.
1557 4071 1686 4139 PRO·-

114 4189 206 4233 mea.
234 4169 361 4238 Varum
383 4171 458 4234 sutis
480 4184 621 4250 constet,
646 4167 773 4234 vumere
794 4187 861 4248 my·
1059 4169 1120 4232 PR
1133 4203 1148 4219 ·
1161 4204 1176 4220 ·
1204 4171 1325 4253 Capita
1342 4171 1465 4252 jugata
1486 4173 1539 4234 M.
1558 4176 1668 4238 Anto·

114 4271 308 4354 tholegism.
346 4271 426 4333 Dixi
454 4291 496 4335 ex
520 4272 660 4336 aliorum
686 4269 862 4350 sententis,
929 4331 932 4338 ,
1061 4274 1113 4334 nii
1128 4273 1253 4336 nulum
1271 4283 1305 4336 et
1321 4273 1490 4335 muliebre.
1520 4323 1525 4334 .
1574 4319 1580 4335 .
1658 4319 1665 4326 .

114 4392 363 4457 monogramme
379 4371 445 4440 ΑΡ.
463 4373 498 4436 in
514 4374 565 4438 his
583 4371 743 4452 denariis,
767 4385 804 4438 ut
827 4383 863 4436 at
916 4371 966 4440 H.
993 4371 1097 4439 ANP.
1127 4371 1217 4437 [ΜΡ.
1247 4369 1345 4438 008.
1375 4371 1519 4440 DESlG.
1548 4375 1665 4446 tuan.

159 4791 190 4862 ι)
209 4789 286 4849 Η.
303 4809 326 4848 c.
340 4801 382 4851 tt.
456 4791 492 4864 b)
510 4791 534 4853 F
536 4803 589 4852 est.
598 4791 651 4854 111.
666 4801 766 4859 vain
840 4795 872 4865 c)
889 4791 1014 4856 Lucem.
1030 4791 1065 4852 T.
1075 4743 1100 4853 i:
1113 4811 1144 4872 p.
1156 4805 1208 4862 51,
1228 4807 1257 4852 ot
1274 4791 1309 4852 T.
1322 4793 1363 4947 Ιὲ
1379 4791 1407 4848 ἰιι
1424 4793 1542 4871 Proleg.

1387 4904 1406 4947 e
1429 4903 1448 4948 a
