4180 5484
389 582 461 648 252
655 507 658 513 ¹
1019 558 1313 692 nuseium.

387 733 490 800 MVS.
513 699 655 793 FECIT.
698 725 796 790 Ceres
820 727 936 790 sedens
957 727 988 788 d.
1006 729 1133 808 spicue,
1188 669 1272 795 lum.
1308 723 1516 802 Vailla'ntiue,
1544 721 1732 808 curirque
1706 741 1835 790 secutur
1852 727 1940 812 Fog·

387 857 414 902 ι.
422 833 599 916 focem,(
584 830 679 910 (aliie
691 827 815 910 c'olum)
837 848 899 912 pro
913 829 1052 908 pedibus
1068 851 1133 891 rer·
1192 828 1299 926 g'iniun
1315 829 1345 910 ι)
1372 827 1494 890 factum
1519 825 1606 888 istud
1634 827 1836 890 contendunt
1863 848 1940 914 pro-

384 955 476 1018 pens.
499 933 569 992 AR.
585 931 621 993 C.
1190 943 1321 1012 pterea,
1352 927 1490 1014 quodie
1514 929 1638 1012 primus
1664 939 1750 992 teste
1778 925 1937 1015 Dioriyaio

456 1034 645 1094 licentiatus
664 1033 768 1092 etium
785 1025 1102 1106 uTrojuno.llR1i.
1189 1029 1402 1112 Lupercalia,
1433 1043 1467 1094 et
1495 1051 1577 1115 quae
1607 1029 1640 1090 in
1668 1053 1782 1096 areraa
1812 1053 1935 1098 memo·

450 1135 525 1199 Vox
545 1130 765 1222 QVlRlNVS.
789 1129 1038 1194 utrumindicct
1055 1149 1133 1214 cog·
1189 1145 1319 1210 rantur,
1364 1129 1507 1195 Cerilliu'
1543 1129 1676 1196 lucerii.
1733 1131 1936 1216 Perpirana,

387 1254 508 1299 nomen
530 1229 695 1306 Memmii,
725 1251 765 1292 uu
788 1243 903 1312 ceput,
934 1229 1021 1315 quod
1044 1244 1131 1294 esset
1188 1253 1332 1312 nameo
1360 1233 1435 1295 loco
1468 1233 1558 1294 nulla
1579 1233 1736 1314 Dionysio
1760 1235 1935 1300 Cerialium

391 1321 522 1431 Quirini
539 1339 597 1394 ae'u
611 1329 763 1407 Romuli,
782 1351 821 1393 un
839 1330 936 1392 uimnl
949 1343 1133 1416 utrumque,
1190 1331 1325 1399 meniio.
1378 1324 1504 1396 Areraa
1544 1333 1661 1410 docet,
1698 1333 1799 1398 fuisse
1832 1341 1937 1402 Mem·

390 1435 583 1521 quaesitum.
624 1431 690 1524 Qui
715 1451 900 1516 cognomen
921 1445 1050 1515 putent,
1079 1431 1137 1496 ad·
1190 1435 1292 1497 mium
1325 1435 1488 1518 quendam
1516 1436 1677 1520 primum,
1708 1439 1764 1520 qui
1794 1439 1935 1504 Cerialia

389 1541 507 1603 vocant
545 1533 694 1617 exempla
715 1533 881 1616 Calpurnii
906 1532 1054 1625 Quirini,
1097 1545 1132 1597 et
1189 1539 1314 1600 Romae
1342 1536 1435 1612 lecit,
1471 1536 1563 1618 cujus
1591 1535 1668 1600 facti
1697 1551 1827 1607 ueteres
1856 1542 1937 1605 acri·

390 1637 528 1723 Sulpicii
546 1635 693 1728 Quirini,
708 1630 1134 1720 undeuerisimileputant‚
1194 1653 1305 1722 ptores
1327 1657 1392 1698 non
1416 1637 1608 1704 meminere.
1659 1639 1745 1704 Vide
1768 1639 1810 1704 de
1832 1658 1937 1707 aetate

392 1742 480 1804 idem
500 1739 607 1801 etiam
620 1755 802 1818 cognomen
825 1733 926 1800 inisse
942 1736 1134 1821 quibuadam
1191 1740 1287 1822 hujus
1315 1739 1406 1802 numi
1434 1740 1599 1806 veriorum
1628 1743 1833 1826 conjecturae
1862 1745 1940 1810 alle·

393 1864 435 1907 ex
458 1853 558 1926 gente
579 1837 745 1902 Menimiu.
786 1838 839 1905 Vt
859 1839 941 1903 h'uec
970 1839 1134 1922 conjectu·
1191 1855 1239 1906 tao
1261 1865 1279 1906 e
1300 1841 1454 1905 Rimardo
1477 1839 1519 1924 d).

390 1966 460 2008 ram
487 1961 551 2004 nou
574 1935 752 2015 excedunt,
786 1939 832 2002 itu
854 1955 997 2018 certum,
1027 1940 1133 2024 capite

388 2046 452 2106 illo
478 2040 615 2105 indicari
637 2039 736 2103 deum
757 2037 948 2133 Quirinum,
978 2041 1135 2105 additum·

392 2167 456 2230 que
497 2141 707 2235 QVIRINVS
748 2141 866 2206 eodem
906 2143 1021 2222 modo,
1068 2165 1151 2229 quo
1193 2143 1347 2210 Memmii
1364 2105 1493 2207 incerti.
1601 2185 1610 2204 .

392 2247 520 2314 NVMA
551 2244 604 2308 rel
635 2243 779 2312 Achs
807 2245 984 2308 secundum
1015 2245 1133 2307 horum
1332 2243 1369 2308 C.
1391 2246 1556 2312 ΜΕΜΜΙ.
1585 2245 1622 2310 C.
1646 2245 1684 2312 F.
1717 2243 1823 2330 Cuput
1845 2249 1940 2312 Cere·

393 2349 514 2432 capitu,
543 2335 604 2410 elsi
626 2365 692 2406 non
715 2344 943 2434 ubetem-eam
965 2361 1136 2430 praetcrea
1335 2351 1392 2410 ris.

392 2470 509 2516 rocem
537 2460 652 2510 notare
682 2465 780 2528 poure
805 2435 1007 2530 cognomen,
1038 2463 1073 2512 ut
1101 2451 1134 2510 in
1193 2447 1231 2511 C
1260 2446 1800 2518 MEMM1VS.1MPEnau0n.
1864 2451 1941 2512 Tro-

394 2563 492 2635 gento
513 2547 694 2630 Pomponia
715 2567 779 2614 vox
800 2549 924 2617 MVSA
953 2563 986 2612 et
1014 2570 1135 2634 coguo-
1189 2570 1327 2630 pueum,
1350 2550 1443 2628 cujus
1460 2561 1579 2610 trunco
1597 2552 1771 2632 adligatus
1789 2554 1937 2632 captivas

392 2655 602 2722 meu'notul,
632 2661 667 2708 et
686 2649 827 2726 Musam,
857 2647 920 2711 aed·
936 2649 1025 2733 quod
1044 2651 1135 2734 igno·
1181 2651 1280 2736 flexo
1301 2669 1481 2732 unogenu.
1503 2649 1629 2716 ΔΕΗ.

390 2771 510 2815 rumne.
552 2750 634 2808 Nam
655 2747 846 2810 Memmium
867 2747 1041 2840 Quirinum
1065 2753 1136 2814 nul·
1338 2749 1445 2834 Caput
1489 2751 1586 2812 virile
1632 2752 1775 2815 imberbe
1815 2771 1939 2816 corono

391 2853 444 2916 lue
480 2864 629 2916 ueterum
664 2847 830 2934 produxit.
878 2851 997 2913 Purum
1037 2853 1136 2920 etium
1335 2870 1461 2930 querno
1480 2853 1691 2930 redimitum,
1710 2853 1809 2928 jactu
1830 2853 1873 2922 X.

391 2955 502 3022 ualent
525 2950 676 3034 exemplu
699 2951 882 3034 Calpurnii,
917 2966 952 3015 et
978 2953 1134 3038 Sulpicii,
1193 2954 1232 3018 L.
1255 2953 1438 3016 ΜΕΜΜΙ.
1465 2953 1628 3016 Dioscuri
1651 2956 1783 3018 Ιιιιιιαιί
1811 2965 1941 3019 stanles

366 3077 475 3146 ⁴quae
498 3055 574 3118 citat
600 3055 863 3137 Hurercumpua,
897 3075 974 3117 nam
1003 3056 1136 3140 Culpur·
1195 3075 1269 3117 cum
1287 3055 1503 3136 suissingrili
1518 3059 1623 3133 equis
1645 3055 1717 3116 AR.
1734 3057 1773 3120 Π.

315 3147 318 3160 ’
391 3160 482 3220 nium
517 3157 691 3249 Quirinum
733 3153 891 3219 habemus
934 3169 1058 3219 tantum
1096 3177 1137 3220 cx
1257 3155 1297 3219 L.
1314 3151 1503 3216 ΜΕΜΜΙ.
1494 3173 1527 3214 ιιι
1545 3143 1741 3223 seniiuaibuc
1765 3159 1835 3220 ΒΗ.

392 3263 555 3323 marmore
579 3257 788 3342 Hispanicnai
804 3259 849 3340 ¹),
873 3258 1035 3341 Sulpiciua
1054 3280 1135 3323 rero
1257 3255 1420 3318 Uenerius
1437 3255 1616 3340 l.1n¹ignia
1641 3271 1690 3340 eat
1712 3260 1834 3342 operia.
1874 3261 1938 3324 Ne·

384 3349 480 3446 'apud
531 3357 677 3424 'Tacitum
729 3379 796 3421 non
846 3359 1021 3450 Quirinus,
1076 3359 1135 3422 aed
1190 3355 1257 3440 'que
1279 3355 1482 3420 tumcn'hoc
1503 3358 1625 3441 mugio,
1658 3361 1732 3444 quis
1752 3361 1854 3424 suerii
1884 3361 1937 3426 hic

386 3462 562 3555 'Quirinius
603 3461 785 3545 appellatur
807 3458 851 3541 1ι).
908 3462 976 3524 Cur
1007 3459 1136 3556 Quirini
1190 3457 1367 3520 Memmius
1402 3457 1597 3542 imperator,
1641 3475 1695 3526 aut
1731 3464 1938 3550 sequentium

392 3580 487 3648 cupul
516 3564 565 3626 nis
594 3563 734 3628 d'enarii·
758 3563 915 3624 iuserlum
939 3564 999 3641 cit,
1031 3565 1136 3626 incer
1193 3561 1233 3626 L.
1250 3559 1441 3637 Memmius,
1463 3561 1621 3652 norimus.

969 3939 1361 4005 MESCJMA.

456 4149 546 4209 Gens
567 4141 718 4228 plebem·
747 4141 938 4222 cognomen
960 4139 1078 4222 Brasos.
1194 4141 1281 4223 gusti
1310 4141 1393 4203 lucta
1428 4139 1631 4224 praedicant,
1671 4140 1845 4218 recitator,
1884 4163 1939 4206 ex·

457 4251 497 4312 1..
508 4243 753 4310 MESCINIVS.
769 4243 925 4310 RVFVS.
944 4241 1064 4310 lllVlli
1077 4241 1137 4304 aub
1193 4241 1396 4326 plicatosquc
1421 4241 1496 4304 ride
1522 4243 1553 4301 in
1572 4251 1701 4302 moneta
1726 4241 1940 4328 hujua'impe·

394 4354 552 4434 Augusto.
587 4349 667 4428 Ejus
688 4347 821 4408 nomine
842 4343 989 4428 iuaoripti
1011 4343 1137 4408 denarii
1193 4346 1294 4406 rancia
1311 4343 1351 4406 ad
1371 4362 1471 4405 annos
1490 4341 1531 4408 l'.
1548 4341 1583 4406 C.
1603 4343 1666 4422 737
1685 4355 1719 4404 ct
1735 4341 1808 4421 738.

393 4454 580 4534 complures
599 4461 743 4524 exstent,
766 4445 916 4530 quonium
932 4446 1059 4509 nonnisi
1070 4447 1136 4508 Au·
1182 4474 1186 4480 ·

428 4714 459 4782 ι)
482 4709 567 4768 Grul.
583 4717 721 4787 pilii-1·
816 4708 849 4780 b?
871 4707 1110 4771 ,lun.lll.e.lss.
1204 4707 1234 4776 c)
1253 4705 1330 4762 Fari.
1348 4699 1443 4762 Verrii
1460 4720 1488 4774 p.
1502 4713 1545 4764 55.
1606 4660 1939 4772 ·d>·dloben.'r.1.

390 4810 493 4878 pute.
