4184 5500
733 558 1023 636 cremum.
1585 579 1654 646 155

98 745 155 794 tur
193 729 291 794 leone
330 739 434 794 recte.
487 727 589 804 Sunt,
627 747 710 812 quse
744 729 845 793 fidem
903 749 1014 815 quern,
1040 739 1075 792 ut
1098 739 1170 792 erut
1191 724 1315 812 ingenii
1340 725 1445 793 lucidis
1464 740 1499 793 et
1518 727 1650 797 minime

99 833 236 908 iaciunt,
256 831 384 894 denssii
401 829 496 912 hujus
510 829 654 910 sigillum
671 851 744 894 esse
763 833 845 895 hunc
903 833 1044 906 morosi,
1070 851 1135 893 non
1155 830 1355 914 repugnabat
1377 838 1594 916 mignopere,
1620 835 1649 896 si

100 935 205 1018 ipsum
221 933 392 1008 Vrunism,
409 931 478 994 sire
497 931 696 996 Caelestem.
723 933 848 1018 Sphue·
903 933 986 996 illud
1008 933 1079 1016 quis
1102 933 1203 996 vellet
1220 933 1314 994 licum
1334 945 1469 1015 putere,
1497 934 1649 1030 quopiam

98 1059 157 1111 ru,
174 1055 234 1098 seu
252 1033 377 1110 discus,
392 1033 448 1117 qui
464 1033 562 1116 cupiti
579 1035 742 1109 imminet,
764 1035 846 1098 henc
903 1047 988 1097 teste
1006 1033 1183 1096 Plutarcho
1202 1033 1312 1096 Africo
1331 1034 1465 1118 insignis
1485 1047 1648 1118 praesten-

102 1135 217 1214 desm,
246 1149 405 1220 quotenus
432 1135 507 1197 lune
531 1134 610 1212 luit,
639 1157 706 1198 non
730 1136 853 1200 inliciu-
908 1137 974 1198 tine
993 1132 1074 1196 licus
1096 1135 1180 1198 tulit.
1212 1133 1298 1202 Vide
1317 1154 1391 1198 eum
1411 1136 1468 1198 has
1486 1157 1559 1201 sues
1577 1157 1654 1202 con·

102 1253 173 1314 tur,
199 1258 266 1322 quo
288 1237 379 1300 cultu
404 1235 531 1298 obvium
555 1237 702 1300 videmus
726 1237 759 1298 iu
784 1258 853 1301 sno·
908 1235 1051 1320 jecturss
1068 1235 1287 1302 stabilientem
1308 1245 1471 1321 pepuli.

102 1339 270 1403 humentis
288 1338 425 1412 Isidem,
450 1337 508 1400 sed
528 1351 562 1399 et
583 1331 666 1401 hunc
686 1337 786 1402 luisse
805 1339 854 1400 lu·

104 1462 178 1504 nem
204 1453 341 1503 constet.
375 1441 419 1506 Vt
439 1437 593 1501 sdserere
619 1459 683 1500 non
709 1461 852 1524 possum,
1171 1449 1190 1489 ⁸
1273 1403 1294 1440 ⁶
1377 1448 1396 1488 ⁸

103 1555 203 1626 ceput
229 1541 262 1604 ei
288 1541 393 1603 leonis
417 1539 538 1616 luisse,
573 1553 680 1603 tumen
707 1555 849 1620 constet,
972 1539 1013 1633 Q
1027 1537 1279 1606 METELLVS.
1293 1539 1404 1606 PlVS.
1420 1537 1572 1608 SCIPIO.
1590 1543 1654 1602 lld·

103 1644 176 1726 ejus
195 1633 349 1706 comitem
367 1655 400 1706 et
418 1655 584 1704 sectorem
601 1641 763 1703 exstitisse
783 1643 850 1703 leo·
908 1641 1005 1702 PER.
1026 1641 1149 1726 legitur
1169 1641 1203 1702 iu
1224 1639 1344 1724 insigni
1367 1641 1556 1725 cistophoro
1575 1643 1655 1706 Per·

102 1765 199 1822 nem,
233 1743 266 1804 in
294 1742 386 1824 cujus
414 1740 497 1804 eden
526 1755 621 1824 cuput
648 1740 766 1804 eodem
794 1763 853 1826 po·
909 1761 1067 1826 gameno,
1096 1761 1194 1824 quem
1217 1739 1321 1803 edidit
1345 1743 1515 1823 Huymius,
1542 1763 1655 1828 quem·

104 1847 168 1908 tuit
195 1845 268 1928 jure
297 1843 462 1919 involare,
500 1862 565 1927 qno
595 1856 644 1904 tot
674 1844 853 1926 Aegyptio·
909 1862 973 1924 que
1006 1841 1117 1918 lulius,
1153 1857 1190 1905 ot
1216 1841 1422 1920 merebatur,
1459 1844 1655 1927 explicetuur

104 1967 179 2012 rum
203 1943 336 2008 numine
359 1943 392 2004 in
416 1943 520 2027 capite
541 1943 725 2007 animalium
747 1944 854 2008 omnis
911 1939 1060 2007 dedimus
1076 1942 1110 2005 in
1129 1955 1267 2005 tractatu
1285 1941 1327 2006 de
1344 1943 1560 2028 cistophoris.

109 2049 253 2134 generis.
826 2045 832 2055 '
1274 2107 1292 2146 ,ι

170 2150 274 2233 Csput
301 2145 426 2209 untione
453 2145 545 2208 numi
572 2147 627 2210 lll.
654 2146 735 2212 item
756 2147 856 2212 emhi-
1171 2155 1190 2194 ¹·
1378 2155 1398 2192 θ

106 2271 218 2336 guum.
269 2247 468 2312 Adstitutum
505 2249 631 2333 equilus
668 2263 782 2332 ceput,
821 2263 856 2312 et
915 2245 1084 2326 Aquinus.

105 2365 273 2436 sceptrum
302 2353 414 2412 lovem
444 2363 603 2434 urguent,
643 2364 676 2412 et
705 2339 876 2435 quidem‚'
1052 2342 1567 2440 Lfflttnres,tt.st1st.
1595 2345 1654 2410 Cu·

104 2467 143 2516 ut
170 2464 307 2516 censent
330 2450 523 2518 Vuillentius
554 2451 692 2534 aliique,
728 2449 856 2514 Termi·
1051 2458 1114 2528 put
1133 2447 1301 2510 mullebrc.

103 2555 226 2618 uelem.
270 2555 307 2616 ln
335 2573 412 2615 eree
439 2571 574 2618 etersne
596 2551 742 2636 ejusdem
763 2551 854 2615 numi
912 2546 949 2608 C.
988 2545 1121 2613 CASSI.
1156 2547 1225 2616 ΡΗ.
1262 2546 1358 2612 COS.
1407 2545 1532 2628 Trs'pus·
1581 2549 1654 2616 AV.

105 2653 308 2740 conspicitur
333 2675 446 2716 munus
473 2654 635 2731 humens,
674 2675 769 2737 quem
799 2674 857 2718 ne·
910 2647 1014 2712 ΕΗΒ.

105 2759 245 2844 glexere
269 2755 409 2824 Vrsinus
435 2767 468 2818 et
489 2755 700 2834 Vsillsntius,
732 2755 773 2820 ud
802 2776 855 2821 re·
974 2749 1049 2812 Non
1066 2745 1383 2831 conspissatum,
1405 2767 1448 2811 ex
1469 2768 1531 2834 qus
1557 2765 1679 2850 gente⁸

104 2858 210 2920 stituit
235 2857 418 2922 Mauritius.
454 2859 502 2920 Ea
522 2851 701 2920 secundum
729 2860 854 2922 lieven
908 2847 1010 2914 luerit
1034 2849 1087 2914 hic
1111 2853 1157 2914 Μ.
1181 2849 1340 2934 Aquinus.
1386 2849 1566 2933 Seguiuus,
1602 2853 1658 2936 qui

106 2979 259 3042 eampum
282 2961 311 3040 ⁸)
332 2957 463 3022 videtur
483 2959 628 3043 priorem
651 2959 787 3045 digitum
809 2959 853 3022 its
909 2972 1042 3014 numum
1064 2951 1150 3013 hune
1173 2949 1292 3025 edidit,
1316 2949 1377 3012 sed
1394 2950 1498 3010 minus
1515 2947 1659 3013 fideliter

106 3061 231 3126 hebere
254 3059 446 3138 formatum,
475 3073 510 3123 ot
532 3063 639 3124 solent
659 3062 699 3138 ii,
730 3061 786 3146 qui
806 3060 854 3144 ju.
910 3051 1033 3136 pictum
1054 3047 1105 3132 b)‚
1132 3063 1245 3114 contre
1265 3049 1363 3111 fidem
1385 3051 1588 3128 Morelliuui,
1612 3051 1660 3114 sl-

105 3175 189 3226 mr,
218 3161 344 3230 Verum
365 3161 399 3224 in
417 3161 638 3246 integerrimi.
655 3165 759 3226 muqei
775 3162 856 3225 cae.
911 3153 1079 3236 seriusque
1098 3151 1203 3212 musei
1221 3151 1387 3227 Caesarei,
1404 3150 1567 3236 Aquinum
1584 3171 1657 3218 esse

107 3264 194 3328 ssrei
222 3261 344 3348 sliqnid
372 3265 556 3328 numismati
582 3283 718 3350 prorsus
747 3263 853 3328 simile
912 3254 1003 3336 senii
1031 3253 1192 3317 (ἶίθῡῑῐῑῑθ
1222 3251 1457 3335 wlljiciendssm
1486 3253 1678 3320 minimi(

107 3367 231 3449 pollice
251 3377 285 3428 et
304 3367 454 3448 proximo
475 3367 858 3456 digir0.1ringst‚q„0d·
911 3355 1011 3432 Esto,
1039 3376 1113 3418 num
1135 3373 1201 3416 non
1220 3353 1312 3418 lubet
1334 3355 1557 3438 conjecturum
1584 3377 1658 3420 con·

108 3467 371 3532 indicassemus
400 3467 524 3544 haheo,
554 3489 662 3556 usque
692 3471 779 3534 enim
806 3471 854 3532 ut·
910 3457 1046 3539 jecsuris
1075 3469 1240 3522 euertere.
1289 3457 1375 3541 Typi
1407 3456 1658 3541 explicationem

109 3583 160 3632 tro
185 3569 222 3630 in
247 3567 431 3652 ambiguum
463 3569 549 3633 hunc
576 3585 685 3656 typum
712 3573 851 3655 inquiro,
912 3557 986 3622 ride
1006 3557 1039 3619 iu
1056 3557 1180 3636 Cassio,
1204 3557 1241 3620 in
1257 3577 1320 3642 qun
1337 3579 1454 3623 numus
1472 3558 1526 3623 hic
1546 3557 1586 3621 eb
1605 3579 1659 3620 en·

109 3671 231 3734 dream
257 3691 392 3734 euersae
422 3673 512 3734 numi
542 3673 699 3756 postremi
729 3673 852 3754 ujebum
911 3659 1057 3742 liquariiss
1075 3661 1216 3746 proponi
1233 3657 1328 3722 ⁸⁰¹0&

111 3792 254 3856 superne
280 3769 404 3835 offerre
425 3773 547 3856 aliquid
569 3773 670 3836 instar
689 3774 858 3840 crassioris

1529 2239 1540 2274 Ι

110 3873 271 3950 lineolae,
298 3873 390 3956 cujus
412 3873 528 3952 etium,
555 3877 627 3960 quis
651 3877 693 3938 sit
715 3875 857 3960 explice-
1174 3890 1193 3927 ⁵
1277 3839 1296 3878 ⁹
1382 3885 1401 3922 ⁸

110 3987 180 4050 tus,
205 3974 360 4060 ignorare
379 3995 431 4039 me
451 3975 621 4060 profiteor.
639 3961 690 4039 ¹At
707 3998 774 4042 non
791 3991 854 4042 tem
976 3982 1114 4068 Reliqua
1136 3979 1243 4065 gentis
1266 3975 1428 4042 Caecilius
1453 3977 1657 4062 cognomine,

107 4074 201 4138 rudis
220 4075 406 4162 herdusque
427 4080 687 4161 Hsvercempus‚
708 4079 762 4142 cui
781 4099 855 4144 esse
912 4103 996 4170 quse
1009 4104 1051 4147 ex
1068 4083 1173 4146 numis
1190 4081 1230 4144 uh
1245 4078 1382 4144 eruditis
1398 4092 1566 4160 eruuntur,
1582 4096 1658 4144 sunt

108 4177 238 4242 fruetus
263 4197 307 4240 ex
331 4198 454 4262 genere
481 4201 660 4264 prunorum
682 4180 856 4246 Demesce·
913 4184 1136 4271 municipalis,
1158 4199 1266 4266 neque
1284 4179 1368 4250 odeo
1384 4179 1448 4244 huc
1462 4183 1596 4266 proprie
1614 4182 1659 4246 l's·

108 4301 229 4344 nurum
249 4292 284 4344 et
303 4281 538 4364 Aegyptiorum
557 4282 644 4346 risus
665 4296 732 4362 est,
759 4304 857 4370 quun·
915 4286 1044 4352 cientis.

149 4785 184 4856 ι)
202 4783 270 4862 l‘sg.
280 4793 343 4846 tut.
416 4781 452 4856 b)
470 4783 530 4844 Sel.
545 4802 626 4846 num.
641 4803 670 4862 p.
681 4799 724 4860 ⁹⁰·
