4254 5494
759 601 1112 680 Pnutn'ronle.
1329 636 1335 650 ·
1638 630 1721 726 223,

167 791 200 840 ct
217 787 385 862 praeterea
409 771 514 838 literis
532 771 600 838 AF.
619 769 811 837 Africanum
839 773 910 857 ejus
967 777 1161 858 cognomine
1178 794 1260 838 usus
1273 785 1338 852 est,
1360 773 1508 856 utiquam
1527 781 1564 842 in
1585 799 1710 844 eamc-

168 877 349 962 imperium.
403 875 496 973 Quae
526 876 589 938 aliu
619 873 660 938 ud
690 877 786 940 senei
815 875 910 958 hujus
967 889 1149 958 nuspurte,
1165 895 1250 956 quae
1265 879 1525 957 smerdicitur,
1542 881 1597 944 vel
1613 899 1636 942 a
1652 903 1711 944 nn·

167 980 258 1042 numi
295 976 494 1061 explicatum
532 975 720 1060 pertinent,
764 977 841 1040 ride
876 977 911 1038 iu
969 988 1058 1054 tura,
1077 978 1130 1040 vel
1143 975 1315 1061 nfnrtnua
1330 979 1622 1063 lubemneceperit,
1636 1002 1711 1045 cnm

168 1081 238 1162 ejus
255 1080 421 1166 conlegis,
446 1079 479 1140 iu
497 1093 630 1143 monete
645 1081 691 1144 dl.
709 1079 843 1142 Antonii
863 1079 911 1140 ln·
967 1087 1102 1154 contra,
1125 1079 1327 1156 cuinullum
1347 1083 1383 1142 in
1407 1101 1449 1142 en
1467 1083 1710 1144 incommodum

167 1183 285 1246 strutio.
963 1179 1217 1260 possifuerint,
1235 1176 1374 1258 ιὐκαςποι
1388 1181 1474 1242 dicti
1487 1193 1575 1244 sunt.
1598 1179 1712 1246 Graui-

230 1281 368 1346 Donurii
399 1280 514 1370 Scurpi
542 1279 680 1364 reliqui,
717 1299 758 1343 ex
792 1299 857 1364 quo
881 1279 910 1342 is
967 1276 1712 1365 teriuhoojudicinudversuslinguueGrue-

168 1383 301 1470 prodito
315 1381 458 1448 Antonio
472 1381 512 1445 ud
522 1381 735 1446 Octavianum
751 1380 910 1457 transivit,
968 1397 1027 1440 cue
1052 1378 1198 1442 indolem
1222 1381 1353 1462 peccari
1371 1367 1485 1446 u‘riro
1506 1386 1713 1468 praestantis-

170 1485 326 1568 deineeps
348 1483 615 1568 pervincerent
637 1481 772 1565 signati,
795 1495 828 1543 et
846 1495 912 1544 ter·
968 1477 1051 1542 simo
1073 1479 1192 1556 rideo,
1213 1482 1276 1544 etei
1295 1481 1394 1545 senile
1418 1483 1451 1544 in
1477 1503 1519 1547 eo
1538 1488 1712 1573 acquiere-

168 1589 232 1651 tius
254 1587 385 1672 quidem
412 1598 551 1670 propter
576 1583 705 1646 titulum
727 1583 911 1646 CAESAR.
966 1582 1034 1642 rint
1055 1581 1247 1646 Vuilluntius
1277 1596 1311 1645 et
1331 1584 1585 1669 Herercumpus.
1627 1585 1711 1681 Quis
1798 1575 1803 1586 ’

167 1689 271 1756 mvl.
292 1687 330 1750 F.
361 1706 464 1772 nsque
496 1683 538 1749 ud
568 1705 686 1750 sunum
716 1685 758 1752 V.
780 1685 818 1749 C.
845 1701 911 1764 7²7
968 1683 1055 1743 enim
1084 1703 1223 1766 unquam
1251 1685 1534 1768 grammaticorum
1567 1687 1713 1751 adseruit

170 1811 265 1854 cusus
289 1779 497 1873 agnoscitur,
530 1786 761 1870 quo-domum
791 1786 912 1848 Caesen
969 1781 1169 1846 elementum
1192 1783 1215 1844 S
1238 1784 1272 1844 in
1294 1783 1429 1846 Gruccis
1457 1787 1580 1850 habere
1606 1789 1712 1852 detru-

169 1891 308 1976 Augusti
336 1909 458 1952 nomen
485 1885 632 1968 admisit,
669 1887 747 1952 iude
778 1887 818 1950 ul>
847 1887 911 1948 hoc
969 1881 1071 1944 luendi
1090 1883 1177 1973 rim?
1201 1883 1456 1968 Sutisuppuret,
1478 1886 1715 1968 hominiltnlo,

170 2013 255 2056 enno
273 1993 416 2075 signatus
434 2001 485 2055 eet
506 2011 641 2067 numus,
673 1991 729 2077 qui
747 1987 911 2073 sequitur,
968 1997 1005 2048 nt
1027 1983 1079 2061 lit,
1107 1985 1252 2068 linguam
1276 1985 1413 2068 putriem
1442 1987 1653 2072 imposuisse,
1679 1991 1715 2052 in

171 2113 243 2156 enm
264 2093 402 2176 Augusti
434 2091 665 2174 appellatione.
720 2090 792 2184 Qun
822 2089 850 2150 is
879 2089 913 2150 iu
970 2109 1035 2174 qpu
1063 2107 1161 2170 saepe
1188 2087 1370 2171 praefixum
1392 2087 1416 2148 S
1438 2087 1597 2168 detrahit,
1624 2093 1716 2154 utin

171 2194 360 2278 provincie,
388 2193 560 2257 incertum.
602 2193 763 2258 Per-hibet
791 2192 913 2254 iterum
970 2187 1153 2254 vocubulis:
1171 2208 1373 2266 sentuosum,
1390 2192 1606 2272 sconfureure,
1622 2213 1716 2256 seon·

171 2295 238 2358 Dio
260 2297 311 2378 ¹),
345 2294 504 2378 Seurpum
535 2293 611 2360 rivo
640 2294 746 2358 udluue
771 2292 913 2356 Antonio
970 2303 1113 2364 certare,
1130 2301 1164 2352 et
1181 2289 1351 2354 similibus.
1377 2292 1474 2368 Nori,
1492 2291 1618 2356 Atticus
1633 2311 1714 2357 nou·

172 2395 345 2460 Octauiani
366 2393 455 2480 jussu
476 2395 656 2459 exercitum
677 2412 770 2460 sunm
791 2377 916 2458 Corne·
970 2412 1134 2474 nunquam
1157 2391 1321 2454 elemento
1347 2391 1375 2454 ll
1398 2391 1453 2456 vel
1472 2395 1508 2454 Μ
1524 2393 1713 2478 praefixisse

172 2497 219 2561 lio
237 2496 334 2562 Gallo
357 2493 548 2576 tradidisse,
579 2495 667 2581 quod
687 2509 721 2562 et
744 2499 916 2562 confirmet
972 2487 1023 2569 Σ,
1050 2509 1082 2556 ιι
1099 2493 1175 2558 novi
1191 2494 1306 2569 etium,
1325 2492 1505 2576 praefixum
1530 2497 1618 2560 hune
1639 2497 1716 2559 sibi·

172 2597 314 2662 Orosins
336 2593 382 2678 b),
433 2597 524 2658 Fieri
554 2609 662 2660 tumen
696 2611 859 2682 poterat„
877 2610 915 2660 ut
971 2595 1040 2658 lum
1060 2595 1142 2656 nihil
1168 2595 1202 2656 in
1229 2593 1467 2678 significatione
1492 2611 1650 2674 mutasse,
1680 2613 1715 2661 et

171 2699 282 2785 puullo
296 2711 369 2783 post
383 2696 424 2761 ud
439 2697 586 2780 priorem
609 2700 780 2764 stationem
801 2697 913 2762 redire
970 2697 1073 2760 luisse
1095 2695 1234 2780 perinde
1258 2691 1352 2772 κιιψ,
1380 2718 1485 2778 pangor
1506 2698 1715 2781 scripserint,

172 2801 359 2884 juberetur,
390 2819 471 2890 ‘num
491 2798 687 2866 Octauianus
717 2823 784 2866 nun
808 2804 913 2866 multo
969 2821 1010 2864 un
1026 2793 1132 2874 uuus-ll,
1150 2815 1285 2878 σμικρος.
1307 2797 1398 2862 Nure
1415 2799 1512 2860 etium
1530 2819 1604 2874 vox,
1619 2813 1654 2864 et
1669 2801 1716 2864 le·

175 2917 247 2986 post
282 2899 423 2966 eundem
456 2899 586 2966 Gullnm
619 2917 732 2989 cuptue
763 2907 914 2988 Aegypto
969 2899 1178 2983 xieogruphis
1205 2900 1316 2982 ignota
1348 2899 1504 2984 inureres,
1541 2901 1588 2964 sie
1615 2915 1652 2964 ut
1676 2921 1716 2970 es

176 3003 345 3088 pruefeeit.
972 3000 1174 3085 significetur
1188 3001 1216 3061 ie
1227 3001 1283 3084 qui
1296 3021 1374 3062 suno
1386 3015 1436 3063 est
1454 3019 1566 3084 curpo.
1589 3003 1714 3065 Temen

238 3107 364 3189 Typum
387 3123 501 3168 munus
524 3105 572 3167 siu
595 3117 746 3189 apertae,
773 3116 810 3168 nt
835 3103 917 3166 inte·
973 3101 1070 3164 iueile
1093 3114 1173 3183 puto
1194 3099 1462 3175 eoncedendum,
1493 3102 1650 3184 Scurpum
1671 3118 1718 3184 ty-

178 3207 299 3270 riorem
321 3205 391 3290 ejus
414 3219 557 3291 purtem,
582 3229 641 3271 seu
664 3209 789 3283 volum,
812 3207 916 3270 oeulis
964 3217 1018 3288 'po
1032 3201 1127 3266 velue
1144 3201 1301 3266 udlusisse
1320 3201 1362 3263 nd
1381 3221 1495 3266 rocem
1517 3225 1642 3282 καρπος,
1670 3206 1718 3265 ni·

178 3308 325 3392 objiciet,
357 3307 496 3374 Vrsinus
524 3311 630 3373 refert
660 3311 700 3373 ud
730 3329 917 3392 cognomen
973 3303 1206 3396 mirumquod
1236 3325 1329 3366 snum
1360 3323 1543 3387 cognomen
1574 3305 1748 3390 Scorpus„

179 3409 307 3491 Scorpi,
342 3410 433 3494 quusi
463 3409 546 3472 illud
571 3409 709 3475 ducetur
740 3434 758 3476 u
786 3411 917 3476 Grueco
973 3429 1040 3472 uon
1069 3427 1270 3492 magnopere
1300 3431 1318 3472 u
1345 3429 1455 3488 saeuos
1483 3406 1606 3474 differt.
1659 3409 1715 3472 Sic

82 3559 86 3566 .
177 3533 301 3590 παρπος,
339 3510 427 3594 quod
456 3533 575 3576 munus
606 3515 715 3576 volum
745 3513 916 3599 signilieut.
972 3524 1009 3574 et
1023 3509 1198 3574 Accoluiue
1215 3509 1331 3574 larices
1348 3509 1381 3572 in
1400 3509 1506 3574 numis
1525 3510 1591 3572 suis
1610 3509 1715 3594 signu-

169 3613 275 3676 ·Addit
291 3613 466 3679 contiuno:
489 3613 682 3692 Sliterum,
706 3633 791 3695 pune
810 3620 918 3680 detru-
967 3613 1022 3678 'rit
1051 3611 1139 3697 quod
1177 3633 1361 3698 cognomen
1400 3631 1494 3676 snum
1527 3611 1716 3674 Luriseolue

178 3715 278 3778 luendi
291 3717 476 3794 oimdnbet,
494 3715 644 3780 Graecae
661 3719 919 3798 occinenucad·
975 3715 1115 3802 aliquem
1144 3736 1218 3781 cnm
1247 3713 1402 3778 laticibus
1431 3711 1629 3778 adfinitatem
1663 3712 1717 3774 luu-

173 3816 296 3894 J'ectum
315 3821 447 3900 opinor,
468 3819 557 3900 quod
577 3821 636 3900 qni
651 3821 780 3902 primns
802 3819 921 3903 Scorpi
975 3817 1042 3883 bet.

726 4155 1184 4226 PLAnrotttA.

246 4357 332 4422 Gens
348 4359 485 4444 plebeio.
503 4361 695 4444 Cognomen
714 4363 897 4424 Gests'nnus.
974 4363 1021 4426 Μ.
1038 4356 1259 4422 Polemon.
1285 4355 1409 4426 cEsr.
1437 4357 1472 4422 S.
1495 4360 1531 4426 C.
1570 4367 1720 4430 Protome

325 4461 430 4542 Caput
451 4465 627 4538 muliebre,
657 4481 743 4544 pone
761 4467 857 4526 ouria
877 4469 921 4526 si·
972 4463 1133 4542 juvenilis
1151 4464 1306 4540 imposita
1324 4465 1412 4542 basi,
1434 4465 1492 4526 eui
1508 4469 1722 4552 inscriptum:

320 4565 418 4646 μαι.
534 4575 545 4654 '.
979 4563 1101 4629 sons.
1127 4565 1195 4632 sn.
1215 4565 1257 4629 n.

123 4865 128 4872 .
216 4831 247 4898 s)
266 4827 351 4886 l..1.l.
368 4841 428 4902 co.
503 4829 537 4900 b)
556 4827 645 4894 Ml
661 4851 687 4892 ι.
699 4845 743 4906 to

253 4939 342 5016 (rot.
361 4941 416 5022 ν.)
