4254 5494
431 570 504 640 288

438 720 602 807 simplice,
627 717 716 802 quod
738 718 930 804 quominus
950 717 1080 802 legatur
1101 715 1182 781 Ses-

437 839 511 898 tus,
524 833 625 897 uetat,
642 820 729 903 quod
746 817 986 884 Postumiorum
1005 839 1085 902 gens
1102 818 1182 880 Sust-

437 940 488 987 tos
506 943 572 985 non
590 923 681 987 tulit.
707 919 834 984 Eodem
857 919 1065 983 modoetia
1089 921 1123 984 S.
1141 920 1178 986 C.

314 1049 315 1056 ¹
438 1025 480 1088 tle
500 1023 755 1088 Bacchanalibus
776 1022 944 1086 scribitur:
968 1022 1003 1089 S.
1018 1021 1190 1120 scaev-¹

376 1113 669 1228 ‘wms
796 1209 816 1245 ξ

694 1255 714 1294 A
901 1253 921 1292 ὓ

561 1315 840 1412 ’Όὰρητῦἰωιαῆ
859 1328 916 1388 coi
928 1347 1067 1410 superne
1080 1339 1181 1412 caput

578 1431 672 1492 bovis
691 1431 852 1490 imminet.
869 1437 872 1446 ’

437 1533 477 1596 A.
488 1520 616 1594 Post.
633 1527 673 1593 A.
688 1529 728 1591 F.
743 1529 777 1592 S.
790 1529 829 1592 N.
840 1527 984 1592 ALBIN.
1003 1530 1119 1604 orons,
1130 1551 1185 1591 su·

431 1653 574 1714 peroso
598 1643 694 1692 stans
716 1633 770 1692 oir
786 1640 923 1712 togatus
940 1633 1184 1708 deuteromon-

347 1751 349 1756 ’
370 1794 376 1802 ,
432 1748 493 1818 per
505 1734 620 1796 sonem
635 1731 805 1794 victimam
825 1733 988 1808 ostendit,
1007 1734 1115 1794 inedia
1133 1733 1184 1794 in·

343 1835 346 1840 ’
437 1848 488 1898 ter
511 1845 687 1913 utrumque
710 1853 771 1895 oro
794 1835 920 1929 ignito.
950 1834 1033 1896 Sunt
1055 1831 1181 1911 serrati,
1199 1893 1212 1924 ι,

438 1951 472 2002 st
488 1937 524 2002 C.

392 2035 394 2042 ’
472 2045 474 2051 ’
578 2038 750 2102 HISPAN.
782 2035 890 2119 Caput
909 2035 1068 2100 muliebre
1092 2035 1181 2099 osla-

577 2149 647 2202 ium
664 2142 791 2221 sparsis
810 2137 966 2199 crinibus.

433 2244 473 2308 Aa
484 2241 612 2306 Poss.
626 2245 666 2304 A.
680 2241 720 2304 F.
735 2239 769 2303 S.
784 2240 825 2304 N.
840 2237 984 2303 ALBlN.
1009 2240 1072 2301 Vir
1087 2249 1182 2321 togo-

438 2358 494 2408 tus
506 2358 601 2408 stans
613 2346 784 2404 dexterum
799 2341 952 2402 extendit
964 2360 1075 2402 versus
1091 2344 1185 2419 oqui·

437 2447 507 2508 ium
535 2447 759 2526 legionariam
781 2443 883 2521 justo
909 2439 1067 2524 defixum,
1097 2461 1184 2522 pone

423 2547 544 2627 fasces
562 2566 636 2606 cum
654 2547 780 2606 securi..
797 2543 880 2604 Sunt
897 2543 1032 2619 serrati,
1055 2555 1089 2606 et
1103 2544 1144 2606 R.

452 2637 455 2644 ’
497 2646 615 2706 Narrat
632 2645 746 2706 Livius
768 2645 814 2724 ⁸),
843 2645 884 2708 A.
902 2643 1104 2705 Postumium
1128 2643 1185 2704 Al-

1024 547 1363 664 NPOSTVMIA.

1238 717 1291 778 Du
1324 735 1392 797 quo
1420 711 1499 778 risle
1524 713 1618 796 plura
1647 713 1732 808 apud
1760 715 1917 804 Vrsiuum
1948 720 1987 780 ad

1238 817 1325 880 hunc
1355 815 1535 880 denarium.
1582 814 1711 877 Curtius
1743 814 1831 880 forta
1862 817 1989 883 adludit
2107 827 2108 918 J

1236 931 1338 1001 typus
1351 915 1392 979 ad
1411 917 1570 1000 templum
1592 913 1693 992 [lases
1705 915 1796 996 Διος,
1827 921 1920 984 Iovis
1935 923 1987 985 ii·

1238 1020 1304 1096 dii,
1327 1041 1345 1081 a
1362 1019 1540 1102 Tarquinio
1561 1029 1689 1096 votum,
1706 1020 1797 1102 a'Sp.
1814 1021 1984 1087 Postumio
2107 1051 2108 1080 ;

1239 1117 1439 1196 dedicatum,
1472 1117 1560 1206 quud
1589 1121 1679 1183 stetit
1707 1121 1741 1183 in
1767 1123 1857 1185 colle
1881 1123 1989 1218 Quiri·

1238 1221 1305 1283 nali
1325 1221 1371 1301 ¹³).

1300 1322 1437 1385 Denarii
1455 1323 1495 1386 ll.
1514 1323 1598 1407 typis
1614 1335 1705 1408 putat
1722 1325 1862 1392 Vrsinus
1879 1329 1987 1392 asllusli

1238 1423 1287 1498 ad,
1302 1423 1519 1506 triumphum,
1549 1445 1647 1508 quem
1668 1426 1708 1492 L.
1725 1425 1914 1494 Postumius
1934 1433 1988 1494 Al·

1241 1526 1335 1588 binus
1352 1527 1393 1598 V.
1411 1528 1447 1588 C.
1464 1525 1527 1608 576
1545 1526 1587 1589 de
1602 1527 1764 1590 Lusitanis
1783 1545 1817 1592 at
1832 1532 1987 1599 Vaccaeis

1241 1649 1282 1690 eu
1301 1628 1457 1711 Hispania
1478 1629 1638 1708 ulteriore
1661 1635 1745 1714 egit,
1769 1646 1805 1694 ut
1827 1647 1983 1698 testantur

1240 1729 1370 1805 Livius,
1393 1743 1428 1791 et
1444 1728 1519 1791 fasti
1536 1729 1762 1814 triumphales.

1304 1834 1396 1895 tuom
1416 1830 1586 1916 inquirere
1608 1831 1641 1894 in
1663 1845 1816 1898 auctores
1836 1839 1987 1919 primum,

1238 1929 1359 1996 deinde
1385 1931 1600 1997 verisimilem
1629 1947 1769 1998 aetutem
1798 1957 1987 2017 numanum,

1238 2033 1294 2120 qui
1321 2034 1362 2098 A.
1384 2033 1586 2102 ALBINVS.
1610 2037 1644 2099 S.
1666 2036 1705 2099 F.
1732 2049 1766 2100 et
1792 2039 1833 2104 A.
1857 2041 1984 2108 POS'l'.

1237 2135 1284 2201 A.
1295 2136 1333 2199 F.
1353 2135 1394 2200 S.
1408 2138 1448 2201 N.
1463 2137 1609 2201 ALBIN.
1627 2137 1859 2208 inscribuntur.
1881 2145 1985 2208 Recte

1238 2257 1290 2300 rne
1313 2236 1422 2322 judico
1445 2238 1578 2323 conjicit
1599 2239 1754 2319 Vrsinus,
1776 2250 1816 2311 A.
1832 2245 1987 2310 Albinum

1240 2339 1387 2424 priorem
1415 2339 1515 2406 luisse
1543 2341 1648 2408 lilium
1676 2347 1745 2427 ejus
1772 2345 1902 2430 Spurii,
1934 2349 1990 2433 qui

1241 2441 1357 2506 consul
1375 2440 1436 2504 suit
1450 2443 1491 2510 V.
1511 2445 1548 2510 C.
1567 2445 1641 2508 (106.
1667 2446 1770 2509 Filius
1786 2469 1869 2514 vero
1885 2451 1988 2514 Aulus

1241 2542 1328 2604 idem
1354 2543 1442 2606 sorta
1466 2559 1532 2620 ast,
1556 2547 1611 2628 qui
1631 2549 1671 2615 V.
1688 2549 1725 2613 C.
1745 2551 1808 2614 h55
1827 2555 1988 2636 processit

1241 2645 1374 2721 consul,
1402 2645 1524 2729 quique
1549 2646 1582 2706 iu
1609 2647 1700 2713 fastis
1722 2651 1842 2716 (licitur
1862 2656 1924 2720 SP.
1949 2658 1985 2719 F.
2067 2681 2071 2692 ’

307 3734 314 3746 ,
438 3678 531 3748 terea
555 3664 589 3724 in
610 3675 721 3725 monte
743 3661 905 3724 Aventino
932 3665 1002 3744 ejus
1025 3663 1184 3746 templum

436 2746 549 2806 binum
566 2744 725 2806 inlocum
741 2744 780 2805 L.
796 2741 942 2804 Cornelii
958 2744 1094 2806 Lentuli
1107 2743 1188 2804 xvi·
1243 2745 1304 2808 SP.
1321 2747 1361 2807 N.
1384 2745 1489 2828 Hujus
1505 2745 1626 2813 deinde
1641 2751 1680 2818 A.
1696 2753 1808 2817 Albini
1821 2755 1909 2820 lilius
1923 2757 1991 2821 sue·

424 2845 629 2914 uumsacris
649 2841 807 2913 faciundis
825 2857 982 2910 creatum.
1008 2845 1185 2910 Xuirorum
1241 2845 1286 2907 rit
1302 2847 1342 2910 A.
1358 2846 1497 2934 Albinius
1510 2853 1695 2932 posterior,
1716 2855 1821 2922 (lictus
1835 2860 1870 2922 in
1886 2863 1990 2923 nnmis

439 2969 513 3014 cum
542 2961 630 3011 esset
653 2967 834 3032 procurare
861 2945 957 3010 ludos
983 2948 1185 3026 saeculares,
1242 2947 1320 3010 Auli
1336 2948 1374 3010 F.
1393 2949 1504 3033 Spurii
1517 2954 1557 3018 N.
1579 2955 1631 3017 Ex
1648 2977 1713 3040 quo
1731 2961 1916 3044 colligitur,
1933 2985 1993 3047 po·

442 3051 626 3116 existimant
653 3050 843 3136 antiquarii,
868 3049 909 3112 ab
931 3049 1012 3128 hoc,
1039 3064 1094 3114 aut
1115 3051 1189 3134 ejus
1243 3051 1393 3115 sterioris
1415 3053 1510 3138 hujus
1531 3077 1647 3121 numos
1666 3060 1810 3144 signatos
1834 3064 1922 3129 circa
1937 3089 1991 3130 au·

372 3177 375 3186 ’
439 3155 508 3240 lilio
524 3154 559 3215 in
576 3151 695 3217 eodem
712 3173 848 3216 munere
866 3151 1041 3216 constituto
1058 3173 1116 3216 eos
1133 3173 1187 3217 ce·
1242 3174 1320 3216 num
1345 3155 1387 3222 V.
1405 3156 1440 3220 C.
1465 3155 1546 3236 oso,
1577 3161 1665 3244 quod
1693 3178 1831 3248 propter
1854 3180 1992 3231 seusam

439 3256 601 3330 lehratos,
639 3267 672 3316 et
703 3256 789 3318 hunc
819 3255 981 3318 honorem
1011 3257 1118 3318 serius
1145 3254 1186 3318 ab
1242 3276 1416 3318 numurum
1449 3254 1658 3326 serratorum·
1673 3263 1828 3350 indagare
1854 3270 1992 3354 placuit,

439 3355 527 3419 Aulo
545 3355 596 3418 his
613 3355 756 3418 denariis
773 3355 981 3436 insculptum.
1003 3355 1079 3420 Acti
1098 3357 1191 3420 enim
1243 3357 1335 3438 cujus
1357 3359 1492 3424 rationis
1513 3379 1587 3427 sunt
1602 3365 1729 3430 donarii
1749 3391 1863 3434 omnus
1880 3373 1921 3434 A.
1939 3375 1992 3434 Al·

441 3457 538 3521 iuere
563 3457 597 3518 in
620 3457 782 3520 honorem
801 3457 963 3540 Apollinis
987 3471 1020 3519 et
1044 3457 1185 3535 Dianae,
1242 3457 1311 3522 hini
1325 3461 1402 3524 Auli
1422 3464 1459 3532 F.
1477 3465 1588 3550 Spurii
1606 3471 1646 3533 N.

440 3562 530 3644 cujus
548 3561 656 3643 imago
677 3559 710 3620 in
728 3560 834 3623 antica
853 3559 1186 3644 proponituriProe·
1501 3613 1521 3650 ι
1605 3570 1624 3606 ⁴¹
1710 3620 1730 3660 ί.

1367 3669 1474 3750 Caput
1488 3673 1639 3736 Palladis
1656 3673 1804 3752 alatum,
1827 3699 1912 3758 prae
1926 3701 1991 3761 ooo

442 3781 476 3829 et
494 3787 549 3829 ara
568 3777 745 3841 steterunt,
763 3776 797 3828 et
813 3764 998 3829 immolatae
1017 3763 1050 3825 ia
1069 3766 1119 3827 hia
1138 3767 1186 3827 lu·
1360 3767 1408 3843 X.
1428 3791 1514 3850 pone
1536 3793 1636 3852 oper.

439 3866 489 3929 dis
511 3867 635 3932 Dianae
660 3865 763 3932 hoves
787 3880 871 3930 teste
895 3867 1014 3930 horum
1040 3867 1183 3931 omnium
1241 3873 1416 3940 meoet.
1432 3877 1470 3939 A.
1486 3875 1524 3938 F.
1559 3877 1660 3940 Mors
1678 3881 1940 3962 tropaeopitorus
1958 3888 1994 3946 irs

441 3971 578 4058 Horatio
596 3974 630 4034 in
650 3969 792 4033 carmine
808 3969 986 4034 maculari:
1237 3979 1323 4055 xcitis
1339 3979 1528 4060 quadrigis,
1550 3978 1641 4061 infra
1657 3979 1799 4047 ROMA.
1822 3983 1892 4048 AR.
1911 3985 1947 4050 C.

506 4073 638 4156 Quique
653 4093 710 4136 vos
729 4073 832 4136 bobus
846 4083 1022 4136 veneratur
1036 4073 1188 4136 albis-u
1368 4078 1480 4158 Caput
1497 4063 1644 4147 Dionae.
1700 4145 1703 4154 ,

506 4176 675 4258 Quosque.
694 4175 902 4238 Aventinum
939 4186 1044 4253 tenet,
1084 4177 1187 4260 Algi·
1243 4179 1279 4244 C.
1299 4178 1511 4250 Poscvm.
1564 4181 1666 4247 Canis
1703 4205 1861 4264 cuneos,
1903 4193 1995 4274 infru
2107 4187 2108 4198 ’

944 4279 1110 4358 dumque,
1243 4300 1338 4362 quom
1354 4281 1473 4362 lausto,
1501 4287 1621 4348 inimo
1645 4305 1894 4371 monogrammo
1917 4295 1990 4358 ΛΤ.

507 4379 703 4461 Quindecim
724 4379 837 4441 Diaoo
853 4399 968 4462 proces
988 4383 1131 4446 virorum
1243 4378 1313 4450 AR.
1331 4383 1367 4446 S.

496 4481 604 4542 'Curet
622 4511 637 4526 ·
656 4510 670 4524 ·
782 4491 789 4502 ·
1308 4487 1360 4548 De
1373 4499 1512 4570 auoque
1532 4469 1594 4550 hoc
1614 4509 1730 4569 numo,
1754 4491 1845 4578 quod'
1861 4493 1902 4558 ad
1921 4515 1994 4560 cer·

444 4655 1990 4692 ,mm-..um-

299 4821 316 4854 .
477 4777 1289 4878 nmmw.mmmmmn
