4194 5484
759 539 1053 617 ¹CAECINA.
1471 557 1501 642 J
1612 570 1677 636 151

930 691 1073 774 triennio
1103 691 1320 796 post'·eonsrt
1343 711 1557 798 processerit,
1586 721 1672 787 hane

124 811 305 879 Metellus.
602 831 606 838 ·
930 813 1090 894 signatum
1107 813 1295 894 denarium,
1311 829 1357 879 *et
1376 819 1506 899 quidem
1526 819 1560 880 ia
1577 823 1670 901 urhe,
1793 881 1809 900 f

272 911 315 1008 Q.
330 910 468 975 ΜΕΤΕ.
514 909 874 994 CupatPalladisala·
931 912 1017 994 quod
1052 915 1158 997 arguit
1186 915 1328 978 additum
1359 917 1512 982 ROMA?
1558 923 1670 988 Facile

271 1031 342 1076 tam
354 1011 519 1092 jualaX.
866 1034 870 1043 ¹
931 1013 1074 1092 dedero,
1097 1016 1191 1099 hujus
1206 1037 1289 1079 'eam
1311 1019 1438 1082 Metelli
1461 1039 1551 1098 esse,
1582 1027 1671 1090 atsi·

125 1119 282 1200 luppiter
296 1117 334 1177 in
349 1117 451 1176 lentis
476 1114 651 1195 quadrigis
678 1114 708 1174 d.
727 1131 872 1189 ramam,
931 1129 1063 1198 gnatam
1084 1131 1177 1194 onte,
1200 1139 1272 1182 cum
1289 1120 1322 1181 ia
1340 1122 1467 1186 minore
1484 1126 1672 1208 magistratu

124 1211 580 1302 s.salsnen,iusraROhih.
602 1214 672 1280 tlt.
688 1214 731 1279 tt.
932 1227 1035 1293 esset,
1066 1239 1172 1304 neque
1200 1239 1337 1286 necesse
1355 1237 1437 1301 ¹est,
1477 1237 1554 1308 typo
1583 1229 1670 1292 loris

191 1315 237 1412 Q.
254 1317 393 1381 ΜΕΤΕ.
417 1314 451 1377 ἰιι
473 1315 648 1394 usselihus,
671 1311 872 1398 etpurtibsts
929 1320 1157 1402 triumphantis
1188 1323 1327 1388 credere
1353 1324 1464 1388 adludi
1494 1327 1535 1390 ud
1559 1329 1671 1392 triam·

124 1419 220 1484 assis.
240 1421 316 1484 BR.
930 1421 1031 1504 pllam
1048 1423 1191 1501 Metelli,
1216 1445 1289 1487 aaut
1306 1427 1453 1510 Iuppiter
1467 1427 1538 1513 ipse
1561 1431 1672 1494 clarus

190 1521 296 1584 Numi
310 1519 345 1582 hi
362 1540 424 1605 per
435 1532 537 1604 typos
556 1517 651 1602 hujus
670 1517 778 1604 gentis
799 1529 875 1580 sunt
936 1521 1101 1606 Giganteo
1115 1527 1282 1610 triumpho
1297 1529 1470 1596 emiserit,

125 1619 356 1707 antiquissimi.
402 1623 454 1684 Ex
475 1620 637 1697 Metellis,
673 1619 789 1706 quihus
814 1639 874 1682 ue·
1188 1673 1207 1710 „
1293 1629 1312 1664 θ
1394 1678 1414 1715 4

125 1745 209 1788 meu
239 1722 354 1818 Quinti
383 1723 459 1799 luit,
502 1723 601 1806 longe
634 1721 871 1786 celeberrimas
1066 1725 1205 1788 Rottt.
1238 1729 1345 1812 Caput
1364 1734 1516 1814 Ralladis
1532 1733 1671 1815 alatam,
1764 1737 1771 1754 ‘

126 1823 258 1902 luitis,
287 1825 344 1910 qai
368 1824 412 1892 V.
429 1824 466 1889 C.
488 1821 553 1886 608
572 1842 633 1906 pro
654 1837 807 1908 praetore
829 1824 871 1886 sle
1065 1828 1167 1911 jueta
1182 1829 1223 1896 xi
1244 1831 1312 1892 sel:
1334 1832 1473 1896 ROMA.
1502 1837 1608 1919 Caput
1620 1839 1673 1916 ja·

127 1927 313 2004 Andrisco,
348 1925 449 2010 vulgo
476 1923 773 2010 Pseudophilippo,
804 1943 874 1989 sce·
1066 1929 1180 1990 ⁴ssenile
1203 1933 1429 1998 diadematum
1454 1939 1674 2018 pendentibus

127 2033 206 2095 uico
250 2027 463 2092 Macedoniis
511 2046 594 2110 rege
647 2026 874 2110 triumphavit,
1073 2031 1254 2108 cincinnis,
1273 2033 1372 2110 jueta
1388 2035 1426 2096 Χ.

132 2133 350 2210 Macedonici
363 2129 460 2193 etiarn
480 2147 665 2212 cognomen
679 2145 770 2190 erre
787 2127 873 2190 bene
930 2131 976 2194 ht.
992 2131 1244 2198 METELLVS.
1263 2132 1303 2226 Q.
1323 2135 1360 2198 F.
1381 2140 1487 2222 Captet
1502 2141 1672 2222 elephanti

130 2247 224 2320 gesta
243 2245 366 2298 seems.
408 2231 495 2294 Huic
517 2243 653 2314 propter
674 2229 873 2311 singularem
931 2237 1022 2294 intra
1047 2233 1177 2314 clypeos
1206 2229 1455 2318 Macedonicas,
1485 2245 1597 2306 osnaia
1621 2244 1671 2304 ia·

129 2335 324 2416 felicitatem
353 2333 471 2410 eliam,
515 2353 612 2416 quem
649 2344 873 2415 compararet,
930 2345 984 2396 tra
993 2333 1158 2397 lauream.
1183 2335 1251 2400 tit.
1271 2337 1307 2400 C.

129 2457 199 2500 uon
226 2435 354 2518 reperit
377 2432 527 2500 Velleius
550 2434 590 2516 ¹).
637 2433 719 2496 Nam
740 2447 874 2516 praeter
1067 2432 1208 2497 ROMA.
1239 2440 1347 2522 Caput
1365 2442 1533 2520 Palladis,
1563 2455 1602 2506 ue
1618 2465 1672 2508 su.

129 2537 339 2604 excellentes
358 2534 557 2618 triumphos,
582 2537 791 2620 honoresque
806 2553 875 2596 om·
1068 2557 1142 2617 pra.

127 2639 316 2726 piissimos,
353 2651 387 2701 et
417 2637 602 2721 principale
633 2637 667 2697 ia
696 2657 766 2720 rep.
787 2635 875 2698 lasti·
931 2635 967 2700 C.
985 2637 1238 2710 METELLVS.
1274 2645 1336 2707 Vir
1361 2650 1556 2728 togularia
1583 2647 1671 2728 bigis

127 2745 240 2828 giam,
271 2753 504 2821 ostentumque
531 2739 617 2802 time
636 2737 776 2822 spatium
799 2758 877 2821 qoa-
930 2741 1197 2821 elephantorum,
1224 2763 1318 2824 quem
1337 2749 1501 2812 advolans
1519 2751 1673 2814 Victoria

127 2857 208 2906 taor
231 2841 316 2905 lilios
337 2841 480 2916 sustulit,
519 2859 632 2900 omues
664 2837 791 2902 adultae
821 2859 873 2902 se·
931 2839 1227 2910 corchaeiae.
1342 2835 1349 2842 ’

128 2945 207 3008 tutis
228 2943 323 3020 sidit,
345 2961 459 3005 omues
476 2939 609 3023 reliquit
626 2941 818 3024 superstites
840 2953 874 3003 et
1076 2945 1183 3026 Caput
1206 2946 1372 3024 Palladis,
1393 2961 1555 3030 utsupra.

127 3045 411 3110 nocentissimos.
473 3042 596 3106 Mortui
636 3043 706 3125 ejus
751 3043 874 3107 lectum
930 3041 1070 3107 notat.
1103 3045 1204 3106 Mars
1217 3049 1253 3107 in
1267 3049 1346 3108 citis
1358 3047 1461 3130 bigis,
1483 3053 1521 3111 iu
1534 3053 1671 3114 ima-ca·

127 3169 194 3233 pro
232 3147 347 3210 rostris
383 3143 586 3210 sustulerunt
621 3157 758 3228 quatuor
795 3142 873 3220 lilii,
927 3157 991 3224 pat
1009 3145 1186 3226 elephanti.
1207 3146 1276 3208 tlt.
1293 3146 1328 3210 C.

88 3257 98 3280 ⁸
127 3269 216 3312 uuas
234 3249 413 3312 consuleris
432 3259 466 3311 et
485 3245 669 3321 censorias,
693 3246 777 3309 slter
798 3266 874 3308 con·
1074 3245 1181 3322 Caput
1211 3247 1301 3311 lavis
1330 3247 1537 3326 laureatum,
1569 3253 1672 3330 jactu

129 3351 267 3428 salens,
298 3349 413 3414 tertias
438 3349 569 3425 consul,
608 3359 739 3434 quartus
762 3345 874 3410 cundi*
1072 3346 1213 3414 ROMA.

129 3451 225 3516 datas
255 3453 458 3526 consulatus,
499 3471 598 3534 quem
627 3449 790 3513 honorem
818 3449 873 3512 ed·
930 3449 966 3512 C.
983 3447 1235 3518 METELLVS.
1275 3447 1398 3526 Navis,
1420 3454 1456 3515 in
1480 3473 1560 3515 area
1579 3453 1673 3530 S,et

128 3569 226 3638 uptus
251 3567 311 3616 est.
353 3553 471 3616 Eidem
502 3551 579 3614 huic
611 3551 749 3614 Metello
776 3549 873 3614 deas·
929 3565 1027 3632 caput
1047 3553 1215 3632 elephanti
1227 3555 1540 3634 pendenteeceolto
1555 3559 1673 3618 tintin-

127 3657 216 3720 riam
249 3655 334 3720 hunc
372 3653 582 3718 tribuendum
615 3653 779 3737 praedicat
808 3654 872 3714 Ha·
929 3653 1062 3714 nabala.
1086 3653 1284 3716 hE.Semis.
1306 3655 1375 3714 llll.

128 3777 339 3841 sercsmpus,
373 3755 500 3842 quinia
519 3775 561 3818 eo
582 3754 776 3838 proponitur
800 3757 874 3836 lup-
937 3787 944 3796 ·
993 3753 1137 3816 tt.etc.
1156 3754 1671 3834 Metellosnumihiisscrihunt,

126 3861 218 3944 piter
242 3859 460 3944 triumphator
490 3859 581 3922 relat
612 3856 793 3937 symbolam
823 3855 873 3918 sui
930 3866 1104 3938 utrumque
1131 3853 1235 3918 lilium
1260 3855 1302 3948 Q
1318 3855 1446 3920 Metelli
1466 3858 1673 3922 Macedonici

127 3963 174 4026 de
191 3961 472 4046 Pseudophilippo
493 3959 660 4041 triumphi.
693 3959 751 4021 Sia
767 3956 872 4034 istud,
931 3954 973 4018 de
1002 3977 1068 4042 quo
1096 3977 1173 4021 mox
1200 3957 1333 4042 egimus.
1383 3957 1530 4042 Vterque
1561 3959 1596 4020 ia
1620 3959 1671 4022 his

126 4085 215 4148 ergo
232 4079 304 4147 post
319 4077 427 4127 ectum
444 4085 535 4126 saum
554 4059 754 4144 triumphum
770 4060 875 4142 signa·
931 4055 1073 4122 denariis
1093 4059 1233 4122 illustria
1256 4061 1412 4136 majoram
1441 4057 1522 4122 lacte
1547 4061 1579 4121 in
1604 4083 1672 4124 rae·

127 4183 185 4230 tus
204 4180 255 4230 est
272 4167 325 4230 hic
345 4186 470 4229 numus.
517 4165 561 4226 At
581 4161 679 4238 sero,
709 4161 873 4245 quomodo
932 4159 1068 4222 moriem
1094 4174 1244 4236 revocet,
1280 4159 1477 4244 etquidem
1505 4163 1671 4245 elephanti

129 4273 178 4344 is,
208 4267 265 4352 qai
290 4267 389 4332 toties
411 4287 472 4350 per
497 4287 577 4348 opus
600 4286 693 4328 suum
717 4277 814 4346 negat
834 4261 893 4324 sb''
932 4259 1075 4324 indicant
1105 4263 1272 4346 egregiam
1303 4259 1469 4326 victoriam
1499 4285 1516 4328 e
1544 4267 1583 4328 1..
1602 4269 1671 4330 hle·

128 4371 198 4434 ulio
225 4389 412 4454 percussam
442 4381 622 4442 monetam,
657 4387 751 4451 quem
775 4371 875 4448 quse·
932 4363 1014 4426 tello
1032 4365 1071 4430 V.
1090 4365 1125 4426 C.
1142 4365 1204 4439 504
1228 4362 1270 4424 de
1287 4361 1469 4427 Asdrubale
1492 4367 1533 4428 sd
1550 4367 1672 4430 Pauor·

129 4485 223 4536 stom
256 4471 381 4534 urbano
420 4483 453 4533 et
490 4469 626 4544 lllsiro,
668 4466 873 4551 permiserit,
932 4487 1019 4528 mum
1041 4467 1195 4539 relatum,
1227 4476 1261 4527 et
1285 4463 1483 4548 triumphum
1506 4467 1611 4534 ductis
1638 4471 1671 4534 in
1767 4511 1771 4522 ·

129 4597 150 4638 ι
173 4573 246 4636 siro
277 4573 445 4656 praetorio
468 4585 501 4635 et
523 4571 727 4654 triumphali,
757 4584 792 4634 et
820 4568 875 4652 qui
933 4586 974 4632 eo
1000 4567 1100 4632 CXX.
1132 4565 1314 4651 elephantis
1343 4567 1433 4632 hello
1464 4571 1566 4654 ceptis
1596 4573 1671 4638 iasi-

172 4791 201 4860 n)
223 4783 285 4844 Η.
303 4803 329 4842 c.
342 4797 383 4844 tt.
