4254 5494
417 539 490 618 rto
818 520 827 534 ·
1012 485 1016 493 ’
1061 524 1334 598 etatum.

420 715 584 789 optatum,
618 697 805 782 dictumque
831 695 914 760 adeo
944 694 981 758 C.
1002 693 1166 757 Plautium
1206 759 1208 764 ,
1286 690 1395 754 Lubet
1411 687 1507 774 hujus
1525 691 1709 772 argumenti
1727 691 1887 757 hacteuus
1906 715 1972 756 nou

419 807 605 889 Hypsaeum
624 801 816 863 Decianum.
843 799 887 860 Ar
905 796 1039 880 Pighius
1058 799 1091 858 in
1110 796 1167 860 bu·
1222 791 1287 855 rite
1306 793 1466 885 intellecti
1486 793 1755 876 explicationem,
1779 817 1875 880 quatu
1892 796 1971 859 olim

417 909 469 992 jus
491 903 616 968 denarii
637 904 672 964 C.
691 904 844 984 Hypsaeo
866 901 1041 980 nunejus,
1068 920 1163 982 quem
1223 893 1378 958 dederam
1401 894 1451 976 ⁴¹),
1473 895 1537 956 huc
1557 897 1747 962 translerre.
1777 897 1970 964 Vaillantiu's

418 1009 576 1083 diximus,
618 1005 694 1067 anni
733 1001 902 1064 consulent
938 1002 973 1062 C.
1003 991 1164 1062 Plautium
1222 995 1338 1060 faciem
1364 998 1464 1081 partis
1487 996 1643 1060 adversae
1666 1012 1764 1082 caput
1787 999 1875 1062 Sulis
1899 1000 1971 1084 ple·

417 1108 554 1172 indicari
581 1119 690 1190 putat,
722 1103 782 1166 sed
803 1103 839 1166 C.
860 1101 1028 1168 Plautium¹
1050 1121 1165 1166 consu·
1220 1118 1297 1159 uum
1332 1098 1428 1175 dicit,
1459 1111 1493 1161 et
1523 1115 1749 1182 argumentum
1780 1101 1879 1164 solito
1910 1123 1969 1165 suo

342 1229 344 1234 ·
417 1212 485 1275 lem
506 1209 581 1272 anui
599 1209 639 1274 V.
654 1204 788 1280 0413,
813 1203 866 1265 cui
884 1224 925 1265 ex
943 1201 1022 1286 ipsis
1039 1203 1090 1265 his
1109 1202 1165 1266 de-
1221 1203 1318 1264 more'
1333 1199 1373 1261 ad
1391 1199 1487 1262 ludos
1505 1200 1715 1284 Apollinares
1731 1203 1846 1266 refert.
1876 1203 1968 1267 ldetn

416 1311 517 1376 nu'riis
549 1309 650 1370 fuisse
686 1309 870 1387 cognomen
895 1303 1038 1386 Hypsaei
1065 1305 1167 1386 conji-
1222 1303 1320 1366 sentit
1341 1300 1586 1385 Hunercampus
1612 1297 1723 1366 'addito
1747 1305 1853 1367 altero
1878 1326 1970 1398 erro·

283 1431 297 1446 ·
418 1414 473 1478 cit.
511 1411 692 1486 Enimvero
722 1407 773 1468 bis
801 1426 819 1466 a
846 1403 985 1488 quodum
1012 1407 1048 1468 C.
1068 1407 1165 1468 Plan·
1221 1423 1276 1480 re,
1299 1423 1434 1500 numum
1460 1403 1603 1486 potuisse
1622 1405 1655 1464 in
1674 1403 1815 1468 Oriente
1837 1407 1968 1491 signari,

418 1513 467 1575 tio
495 1510 630 1586 consule
651 1507 735 1569 inlra
758 1526 859 1568 annos
879 1505 950 1569 ΧΠ.
969 1505 1165 1570 Privernum
1222 1507 1351 1568 Aurora
1384 1524 1456 1568 eam
1489 1505 1579 1567 orbis
1609 1521 1735 1589 partem
1765 1506 1967 1590 designante.

419 1626 549 1696 ceptum
590 1609 696 1691 relert
739 1607 873 1681 Livius,
925 1625 1011 1670 anuo
1054 1609 1096 1676 V.
1128 1609 1166 1674 C.
1189 1624 1199 1646 ⁸
1223 1609 1267 1672 At
1298 1628 1378 1671 uero
1409 1603 1536 1669 denarii
1567 1607 1662 1691 hujus
1697 1621 1791 1691 typos
1824 1607 1969 1672 dilucide

419 1717 481 1791 413
505 1721 552 1794 ¹),
578 1725 612 1774 et
634 1712 675 1777 V.
694 1709 731 1772 C.
756 1709 819 1783 435
841 1705 885 1788 h).
920 1707 989 1770 Res
1017 1707 1165 1774 obscura.
1224 1709 1365 1794 explicat
1390 1706 1534 1795 ¹Ovidius
1558 1713 1598 1789 e).
1642 1711 1778 1788 Narrat,
1817 1711 1969 1775 tibicines

420 1815 601 1880 Crederem
623 1812 745 1875 lectum
769 1806 855 1872 loris
879 1807 1096 1873 fulminatoris
1120 1826 1165 1895 ty·
1223 1812 1382 1873 Romaest
1403 1829 1576 1873 censorum
1590 1809 1699 1873 altero
1718 1813 1858 1895 (Appius
1875 1815 1969 1878 Clau·

419 1939 494 2003 pum
520 1937 592 1979 cum
614 1913 784 1976 adlusione
804 1909 844 1974 sd
865 1930 986 1972 nomen
1006 1911 1164 1994 Hypsaei,
1222 1911 1294 1975 dius
1315 1913 1343 1974 is
1359 1913 1445 1992 erat)
1472 1911 1616 1973 irritatos
1638 1895 1751 1976 urbem
1775 1915 1877 1978 exilio
1900 1939 1970 1978 mu·

419 2037 540 2101 nempe
560 2013 750 2100 quiriacus
771 2009 872 2090 ὖψυς,
898 2031 943 2104 aa
964 2013 1051 2088 alto,
1075 2025 1165 2075 tonat
1222 2027 1326 2092 tasse,
1350 2025 1384 2077 et
1400 2011 1505 2074 Tibur
1522 2011 1711 2078 recessisse.
1744 2016 1787 2076 At
1808 2037 1885 2079 mox
1904 2019 1969 2080 Ilo·

418 2123 648 2202 fulguratque,
674 2116 738 2178 nisi
762 2113 850 2175 idem
876 2125 970 2196 typus
993 2111 1027 2173 in
1050 2132 1166 2177 consu·
1222 2135 1334 2179 manos
1363 2114 1580 2198 profugorum
1613 2114 1814 2180 desiderium
1845 2121 1969 2196 tenuit,

418 2223 504 2284 libus
533 2232 622 2281 esset
648 2217 877 2300 perfrequens.
921 2213 1104 2278 Notandum
1129 2217 1164 2279 in
1212 2215 1312 2302 -quod
1331 2214 1371 2276 iis
1393 2214 1580 2278 absentibus
1601 2229 1635 2278 et
1657 2236 1771 2296 scena,
1797 2233 1831 2282 et
1848 2223 1969 2284 sacriti-

418 2321 639 2409 praecedente
671 2317 807 2379 denario
837 2316 994 2400 scriptum
1022 2317 1164 2380 YPSAE
1222 2318 1289 2394 oia,
1308 2329 1342 2380 et
1358 2337 1531 2401 supremae
1549 2319 1684 2382 naeniae
1703 2320 1905 2388 conticuere.
1934 2323 1967 2383 ld

417 2445 480 2510 pro
500 2421 702 2496 mesum,
731 2418 850 2480 omissa
872 2417 1074 2482 Graecorum
1088 2441 1166 2483 mo·
1221 2439 1321 2504 aegre
1330 2417 1450 2482 -ferens
1470 2419 1665 2482 C.³Plsutius
1683 2420 1717 2482 in
1738 2441 1875 2485 censure
1892 2443 1969 2486 con·

417 2546 457 2587 re
478 2525 626 2607 aspirata.
662 2519 762 2602 Cujus
785 2519 827 2582 sit
847 2534 944 2604 caput
964 2521 1055 2583 numi
1077 2521 1165 2604 prio·
1221 2521 1296 2606 lega
1315 2534 1472 2584 asturem
1489 2539 1681 2604 aggressus,
1701 2522 1851 2586 homines
1869 2537 1969 2586 noctu

418 2629 482 2700 ris,
522 2621 677 2686 decidere
714 2641 855 2696 vereor,
893 2621 980 2686 sorte
1020 2620 1165 2689 Veneris
1221 2623 1297 2686 uino
1323 2620 1470 2685 madidos
1494 2621 1845 2705 plaustris‘impositos
1874 2647 1968 2690 mane

419 2726 564 2793 marinae
596 2735 733 2806 propter
760 2721 923 2804 adiectum
953 2721 1163 2806 delphinum
1221 2723 1281 2786 sub
1298 2725 1446 2786 Aurorae
1465 2723 1750 2808 tempus'Romam
1768 2725 1893 2790 'I'ibure
1913 2727 1969 2790 dc·

417 2847 526 2913 neque
547 2824 643 2888 ellam
664 2838 754 2886 certa
774 2823 859 2886 rullo
879 2821 1163 2907 cupllis'Neplunl,
1221 2827 1315 2902 vehi,
1339 2839 1373 2889 et
1389 2845 1432 2889 ne
1452 2847 1471 2889 a
1490 2827 1967 2912 magistratu,ngnoscerentur‚

419 2943 454 2993 et
481 2929 537 3013 qui
563 2945 660 3010 saepe
687 2946 749 3010 per
774 2945 909 2990 aversae
930 2945 1039 2988 aream
1061 2924 1163 3010 repit,
1221 2948 1338 2993 esrem
1362 2927 1470 2994 vultus
1491 2928 1643 3012 personis
1671 2930 1741 3013 tegi
1764 2931 1869 3014 jussit.
1903 2933 1969 2995 Re·

420 3029 553 3114 scorpii.
596 3031 755 3092 Aversam
781 3025 908 3090 denarii
936 3015 1072 3091 alterius
1099 3028 1163 3111 jam
1221 3027 1331 3094 stiluta
1348 3051 1428 3114 pax,
1455 3030 1543 3092 etin
1565 3029 1642 3092 lacti
1663 3031 1968 3116 memoriamquin·

355 3189 358 3198 Δ
418 3131 651 3216 explicavimus
680 3130 714 3190 itt
739 3128 847 3192 numia
873 3129 1007 3191 Aemilii
1031 3129 1162 3208 Scauri,
1221 3145 1355 3218 quatrus
1390 3131 1591 3194 minusculae
1626 3131 1809 3221 institutae,
1849 3133 1966 3216 quibus

418 3333 511 3418 psaei
536 3332 657 3408 nostri,
690 3343 726 3394 et
752 3333 799 3394 tt.
822 3331 938 3394 Scauri
964 3329 1161 3396 aedilitatem
1219 3337 1305 3412 lent,
1333 3335 1541 3418 personatis,
1574 3337 1825 3415 temulentisqae
1854 3337 1968 3398 urbem

417 3433 566 3498 incidere
587 3432 622 3494 in
642 3450 759 3494 annum
782 3431 823 3498 V.
841 3433 878 3496 C.
900 3433 972 3514 opt.
1012 3435 1161 3518 Vterque
1215 3437 1409 3519 pervagari,
1428 3433 1524 3498 nteit
1542 3434 1798 3522 Censorinuss).
1828 3435 1967 3502 Omissis

410 3515 519 3602 ‘V.1C.
535 3551 607 3616 ‘pos
637 3529 797 3616 Pompeio
826 3533 897 3596 aino
923 3533 1059 3618 conlega
1087 3553 1164 3597 cou·
1220 3535 1439 3621 reliquiseos
1463 3555 1596 3614 versus,
1623 3539 1679 3624 qui
1701 3539 1878 3624 praecipue
1895 3539 1966 3620 ‘buc

417 3639 489 3702 sule
508 3649 646 3722 propter
664 3634 835 3714 ambitum,
860 3649 894 3700 et
912 3635 977 3701 tim
992 3635 1163 3699 damnatus
1222 3637 1362 3716 iaciunt,
1384 3637 1581 3702 exscribam:

410 3753 468 3803 cst
488 3741 528 3821 ο).

674 3885 695 3923 ,
778 3836 798 3874 *
884 3883 903 3921 ,
1256 3841 1416 3921 ,Iamque
1437 3861 1499 3923 per
1515 3839 1689 3922 Esquilias
1708 3843 1890 3926 Romanam
1917 3849 1967 3908 in·

412 3943 572 4010 flamus.
1559 3954 1706 4008 truserat
1724 3947 1851 4020 urbem,

559 4044 600 4107 L.
618 4040 851 4110 t’ttttVTtVS.
882 4045 1026 4106 Persona
1045 4041 1160 4104 mulia·
1325 4046 1371 4106 Er
1407 4041 1555 4107 MANE
1592 4046 1629 4108 in
1667 4048 1776 4108 medio
1808 4047 1965 4128 plaustra

559 4145 631 4209 bris
643 4147 793 4208 ,intextis
817 4144 983 4227 capillitio
1006 4145 1163 4223 serpenti·
1364 4156 1372 4172 ·
1551 4143 1653 4228 sucre
1662 4148 1757 4231 soro.

559 4245 635 4321 bus,
657 4247 717 4326 qui
733 4249 770 4308 ita
787 4245 959 4310 nonnullis
975 4244 1104 4308 absunt.
1285 4246 1539 4324 PLAVTWS,
1567 4259 1605 4310 ut
1622 4259 1759 4331 possent
1778 4253 1887 4334 specie
1908 4271 1966 4314 nu·

408 4347 628 4415 PLANCVS.
645 4348 788 4412 Aurora.
795 4349 891 4412 alata
906 4357 1049 4428 quatuor
1061 4365 1161 4426 equos
1559 4368 1712 4430 meroque
1728 4364 1881 4414 sertatum

412 4451 547 4527 junctos
562 4451 692 4513 ducens.
713 4447 841 4516 AR.·C.
1322 4451 1462 4530 Fallere,
1478 4453 1631 4536 personis
1648 4449 1792 4536 imperat
1808 4473 1868 4516 ora
1885 4457 1963 4538 tegi.

455 4673 485 4742 ι)
506 4669 668 4730 unttta.
682 4683 704 4729 t.
741 4648 750 4664 '
779 4669 814 4759 a>
833 4669 955 4729 nvnt.
975 4682 1055 4732 aas.
1129 4675 1160 4748 c)
1179 4673 1307 4750 appan.
1324 4673 1402 4731 ue.
1418 4675 1500 4734 att.
1519 4675 1576 4731 nto
1592 4673 1690 4762 tm..
1706 4677 1789 4746 §.ss
1806 4673 1875 4735 vat.
1889 4676 1961 4732 n...

408 4761 588 4824 ,lt.lX·c.5·
654 4759 697 4832 d)
718 4757 806 4818 Numi
821 4771 932 4818 ueteres
947 4773 1067 4837 pez-13·
1138 4765 1171 4836 e)
1191 4761 1328 4824 tussit.
1341 4765 1404 4826 651.
1478 4761 1850 4834 OdcdieuatalicAEH.
