4180 5484
425 575 499 646 214
606 637 612 654 Ι
1062 542 1335 616 FONTEM.

427 727 573 795 cumei-ii
595 721 779 795 ΤΠΕΜΙΒ,
817 719 874 784 elii·
898 713 1036 783 HEMIs
1054 713 1169 795 legen·
1224 709 1420 772 Plutarchus
1447 709 1500 790 ¹),
1538 709 1679 770 Brutum
1714 726 1757 770 ex
1793 707 1857 784 iia,
1896 731 1982 795 quos

427 809 503 894 dum
520 838 712 902 censerent,
734 822 794 886 ced
811 822 899 884 numi
915 816 1120 902 integerrimi
1135 828 1170 880 et
1226 812 1313 875 acies
1335 807 1555 893 Philippensis
1574 807 1729 884 obstulit,
1752 809 1896 872 maxime
1923 813 1983 872 mi-

424 933 570 997 eauiorca
606 937 794 992 conitenter
824 919 987 986 HEMIC.
1013 917 1172 991 offerunt,
1232 925 1374 978 neretum
1399 910 1590 973 Labeonem
1614 924 1649 972 ct
1672 910 1843 984 Flavium.
1871 911 1982 976 sedis

425 1035 461 1097 in
485 1055 552 1118 quo
576 1045 684 1094 tamen
712 1023 877 1110 explendo
904 1020 1003 1086 multo
1033 1017 1172 1081 absurda
1230 1017 1323 1081 illum
1349 1029 1554 1097 nequaquem
1581 1031 1658 1074 cum
1684 1031 1786 1073 numo
1813 1013 1984 1098 legatum,

425 1137 552 1220 prolatu
580 1147 664 1197 eunt.
708 1127 799 1191 Istud
827 1123 1060 1196 indubitatum,
1095 1138 1168 1182 erse

425 1255 610 1318 cognomen
625 1231 732 1298 Flavii
755 1224 1049 1314 quomodocunque
1068 1241 1169 1284 enun-

425 1337 586 1402 ciandam.
629 1333 745 1396 Fuisse
777 1329 927 1393 Flavium
956 1323 1051 1386 Bruti
1081 1323 1169 1406 lega-

1227 1115 1286 1181 sed
1302 1114 1507 1200 praefectum
1525 1111 1652 1249 iebqum
1668 1113 1825 1196 appellat.

1287 1312 1384 1384 Em
1410 1259 1744 1392 ‹1›A20T10T,⁶in
1769 1315 1879 1382 numis
1899 1317 1981 1380 Hie.

426 1453 513 1516 rum,
556 1449 686 1504 ueteres
716 1452 784 1497 nou
814 1423 1003 1524 prodidere.
1052 1425 1171 1488 Narrat
1226 1431 1381 1505 rapytnoe
1398 1417 1534 1496 Cretae,
1558 1435 1655 1502 quam
1672 1414 1762 1482 ride.

999 1755 1402 1835 roNTEJA.

486 1965 576 2028 Gens
598 1960 747 2048 plebeia,
783 1977 857 2022 nam
879 1957 918 2022 P.
939 1952 1082 2018 Fonteio
1112 1948 1167 2014 ed·

423 2065 597 2151 optandum
622 2083 657 2126 sc
674 2061 766 2126 dedit
784 2058 938 2134 Clodius,
959 2071 995 2120 ut
1017 2053 1165 2127 tribunus

419 2171 465 2253 pi.
484 2189 556 2232 esse
574 2178 698 2252 poscet.
728 2163 922 2250 Cognpmcn
944 2162 1077 2242 Cupito.

788 2261 808 2300 Ι

686 2313 707 2350 k
893 2305 913 2346 ἑ

412 2387 415 2396 ’
476 2441 480 2447 ,
565 2372 672 2451 Caput
691 2368 770 2429 Ioni
785 2385 875 2428 more
892 2361 1061 2446 geminum
1074 2357 1167 2420 lunu-

451 2487 455 2494 '
561 2474 641 2552 gine
662 2469 838 2542 uestitum,
861 2468 898 2526 in
923 2481 1003 2523 crea
1023 2460 1055 2522 X
1075 2471 1109 2523 et
1127 2460 1167 2520 li·
1192 2529 1199 2541 Ι

565 2585 638 2632 tera
653 2567 834 2648 alphabeti.

421 2677 459 2741 C.
475 2671 607 2736 FON'I'.
644 2666 751 2734 Nauis
768 2687 841 2728 cum
868 2663 1111 2744 remigantibus
1133 2673 1167 2724 et

418 2777 659 2860 gubernatore,
681 2787 725 2830 ce
738 2769 841 2848 puppi
859 2762 1003 2848 defixum
1015 2773 1167 2858 locrosto·

421 2880 522 2950 lium,
543 2873 715 2954 etsasoioe
734 2867 962 2948 dependentes.
987 2865 1060 2928 AR.
1079 2863 1115 2924 C.

486 2971 678 3045 Vaiilantiuo
703 2969 736 3030 in
754 2965 857 3032 antica
877 2967 996 3029 horum
1017 2961 1166 3027 denario·

422 3099 496 3142 rum
534 3093 726 3159 expressum
763 3069 929 3156 geminum
966 3069 1034 3131 lani
1070 3076 1167 3148 caput

424 3181 505 3244 vidit
534 3181 575 3242 ad
599 3173 802 3240 indicandam
823 3171 1038 3234 Fonteiorum
1068 3165 1167 3248 origi·

424 3302 499 3345 nem
518 3301 620 3364 genus
634 3297 727 3340 uuum
744 3277 882 3338 nFonto
898 3272 966 3336 lani
982 3270 1051 3332 tilio
1067 3267 1169 3332 dedu·

425 3381 570 3447 centium
593 3379 733 3452 docente
750 3375 896 3438 Aruobio
911 3371 961 3454 b):
988 3371 1169 3454 Ionumfe·

423 3497 503 3548 runt
524 3484 621 3548 Coelo
639 3493 740 3562 utque
759 3477 885 3540 Hecate
903 3485 1112 3554 procreatum
1131 3476 1168 3534 in

422 3579 529 3650 Italic
551 3577 706 3667 regnasse
718 3579 878 3662 priorum,
892 3573 1041 3636 lonieuii
1058 3575 1169 3655 oppidi

423 3690 642 3761 conditorem,
667 3695 798 3767 putrem
819 3671 979 3751 FONTI,
1007 3677 1169 3738 Vulturni

421 3809 597 3872 generum,
620 3787 782 3848 Iuturnae
793 3783 962 3864 maritum.
994 3775 1168 3838 Praeclara

313 3903 322 3920 ¹
425 3891 632 3972 conjectura,
662 3885 814 3948 nimirum
845 3879 982 3942 oliorum
1008 3877 1167 3961 exemplis

423 3991 531 4058 relide
560 3987 759 4054 confirmata.
792 3983 845 4046 Sic
862 3979 1029 4062 Calpurnii
1053 3980 1086 4040 in
1111 4003 1167 4042 nu·

426 4097 488 4157 mia
508 4093 635 4156 tinxere
653 4101 748 4173 caput
762 4085 906 4156 Numae,
931 4081 1004 4164 quic
1028 4104 1045 4144 c
1065 4083 1169 4166 Culpo'

425 4199 550 4259 Numae
584 4195 654 4257 filio
687 4186 834 4263 oriundi,
872 4184 1008 4264 Antonii
1034 4183 1168 4258 leonem

425 4297 600 4374 Herculio,
630 4295 704 4382 quia
730 4308 851 4355 nomen
880 4298 1012 4350 traxere
1042 4285 1083 4348 ab
1105 4287 1169 4348 An·

425 4415 502 4465 tone
516 4397 671 4462 Herculis
687 4393 768 4469 iilic,
786 4392 905 4454 iterum
922 4391 1058 4452 Numam
1073 4389 1169 4452 Pom·

426 4503 533 4586 ponii,
562 4499 636 4584 quio
656 4477 787 4579 genecio
806 4503 972 4554 auctorem
995 4490 1169 4554 credidere

425 4605 627 4685 Pomponem
645 4601 773 4660 Numae
789 4593 902 4654 filium.
938 4593 1030 4675 Ergo
1050 4592 1169 4675 justum

1225 1951 1347 2027 fuerat,
1387 1971 1405 2014 a
1430 1948 1578 2014 Fonteiie
1610 1948 1767 2012 monetic
1793 1944 1898 2010 inseri
1926 1949 1975 2010 ia·

1223 2075 1319 2129 num,
1351 2052 1424 2136 quio
1450 2053 1583 2136 genecio
1612 2063 1785 2135 parentem
1803 2067 1976 2132 agnovere

1223 2154 1365 2216 Funtum
1387 2154 1456 2218 leni
1478 2153 1592 2218 filium.
1626 2151 1726 2246 Quod
1743 2151 1778 2211 in
1801 2148 1855 2210 hie
1875 2147 1976 2211 dena·

1223 2254 1288 2317 riie
1317 2258 1411 2318 Ianua
1439 2269 1642 2340 proponetur
1677 2251 1857 2329 imberbia,
1897 2272 1972 2316 cau·

1224 2377 1292 2421 aare
1323 2356 1448 2434 odient,
1482 2357 1571 2440 quod
1600 2354 1806 2418 ieRomanie
1835 2373 1879 2417 ex
1910 2355 1975 2417 ilio

1223 2457 1382 2520 imberbis
1418 2456 1510 2542 pingi
1545 2457 1715 2541 coeperit,
1748 2477 1792 2518 ex
1822 2476 1889 2539 quo
1922 2456 1976 2516 ilii

1222 2557 1356 2621 barbam
1384 2579 1537 2642 posuere.
1588 2559 1625 2622 Si
1646 2579 1763 2624 verum
1785 2571 1853 2634 eat,
1884 2557 1976 2648 qood

1222 2659 1332 2723 refert
1349 2659 1474 2723 Plinius
1489 2662 1541 2742 ὓ),
1552 2641 1557 2650 ’
1570 2681 1663 2723 usum
1686 2657 1874 2722 tondendae
1900 2660 1976 2722 har*

1222 2761 1284 2824 bac
1300 2762 1365 2845 jam
1386 2781 1470 2824 enno
1486 2762 1527 2826 V.
1545 2763 1581 2826 C.
1604 2764 1686 2838 454,
1716 2759 1884 2825 radendae
1909 2762 1973 2824 rob

1223 2863 1378 2946 Scipione
1408 2861 1568 2926 Africano
1599 2877 1758 2946 sequente
1788 2862 1875 2948 apud
1903 2865 1973 2926 Ro-

1223 2985 1335 3026 manua
1352 2962 1545 3038 involuisse,
1578 2977 1703 3054 etcum
1727 2979 1857 3028 enatent
1876 2967 1970 3027 numi

1222 3066 1283 3127 hac
1298 3075 1403 3126 notate
1420 3063 1506 3128 haud
1527 3064 1625 3128 dubie
1644 3065 1864 3145 posterior-ea,
1887 3086 1968 3150 quo-

1224 3187 1295 3228 rum
1319 3187 1417 3228 unum
1433 3167 1583 3230 dedimus
1606 3167 1642 3227 in
1659 3179 1759 3249 gente
1782 3169 1905 3252 Eppia,
1938 3167 1974 3228 in

1226 3269 1341 3352 quibus
1364 3271 1457 3333 lenus
1480 3268 1585 3331 adhuc
1614 3267 1764 3330 bar-botua
1787 3269 1867 3354 fingi
1895 3290 1976 3333 cou-

1225 3370 1349 3444 suevit,
1384 3391 1503 3434 caueae
1521 3387 1598 3433 uuae
1620 3369 1819 3438 Vaiilantioo
1838 3369 1902 3434 hoe
1923 3373 1974 3453 ju·

1226 3471 1313 3533 dicio
1346 3491 1412 3533 non
1452 3490 1653 3556 magnopere
1685 3472 1860 3537 consuluit.
1903 3476 1973 3536 lam

1226 3593 1308 3637 vero
1339 3586 1446 3634 utrum
1468 3573 1501 3634 in
1524 3573 1575 3636 his
1596 3573 1727 3637 Fonteii
1758 3573 1901 3636 denariia
1921 3593 1972 3638 ca·

1224 3687 1283 3760 put
1302 3676 1426 3738 untione
1456 3674 1587 3738 citimi
1613 3676 1810 3759 putendum,
1840 3675 1976 3742 ridetur

1225 3797 1322 3860 posse
1350 3775 1502 3841 dubitari.
1546 3778 1662 3862 Neque
1694 3777 1781 3842 enirn
1812 3779 1888 3842 catio
1916 3799 1976 3841 ex-

1224 3877 1334 3942 istimo
1357 3875 1512 3940 'validum
1552 3879 1690 3942 Arnobii
1735 3881 1974 3956 testimonium,

1225 3979 1297 4065 qui,
1327 3979 1415 4063 quod
1443 3979 1568 4058 norim,
1598 4003 1680 4060 uuus
1710 3979 1807 4044 nobie
1828 3983 1974 4046 Pontum

1226 4083 1294 4145 lani
1323 4081 1428 4144 fliium
1456 4097 1625 4148 memorat.
1667 4082 1721 4146 Aa
1755 4083 1837 4148 brec
1872 4085 1974 4148 nimie

1226 4183 1340 4247 faciles
1371 4205 1470 4268 caepe
1497 4185 1597 4250 rideo
1627 4183 1825 4272 antiquarios
1853 4185 1886 4246 in
1911 4201 1977 4250 uta·

1226 4285 1349 4350 tuendo
1384 4289 1465 4350 Iano
1497 4307 1571 4352 cum
1601 4301 1709 4352 tamen
1738 4301 1834 4370 eaput
1869 4291 1976 4372 gerni·

1226 4410 1308 4452 num
1335 4389 1453 4471 junctis
1484 4390 1644 4473 occipitiis
1674 4391 1809 4452 muitum
1832 4409 1933 4474 caepe
1958 4415 1976 4452 a

1227 4491 1305 4554 luno
1335 4489 1464 4555 diverat
1493 4491 1666 4578 significet.
1711 4491 1844 4574 Operae
1869 4491 1974 4575 igitur

1227 4613 1281 4657 mc
1311 4595 1452 4678 pretium
1479 4591 1640 4658 iacturum
1672 4593 1838 4670 existimo,
1873 4607 1975 4679 atque

406 4847 409 4854 ,
457 4801 486 4858 a)
506 4791 538 4845 ln
556 4790 645 4844 Bruto
659 4807 688 4864 p.
701 4795 779 4847 ¹003·
852 4781 887 4860 b)
908 4785 982 4842 Adv.
998 4796 1098 4860 gentes
1112 4787 1206 4850 utu.
1220 4806 1251 4865 p.
1266 4792 1363 4864 m.69.
1440 4786 1691 4866 c)L.V11.§.59.
