4180 5484
720 507 1034 584 CORNELIA.

116 680 239 744 dietum
269 675 536 741 fflPERatorem
566 673 758 754 l‘rssltvtt,
794 678 862 764 ipsa

114 783 211 866 hujus
229 779 357 842 denarii
374 775 553 862 epigraphe
570 778 647 840 entis
664 777 778 858 docet,
796 801 862 866 quo

114 883 247 950 ridetur
274 880 400 944 erroris
425 878 575 944 convinci
600 879 664 942 Dio
681 879 860 958 adserens,

114 1005 157 1050 es
173 987 396 1048 Romanorum
414 981 561 1044 instituto
576 979 618 1044 de
635 979 753 1046 eodem
769 981 861 1046 hello

1595 541 1661 620 101

1280 681 1299 722 Ι

1062 726 1216 852 SVLLd.
1242 783 1336 854 COS.
1383 729 1490 870 dapar
1519 793 1661 859 imberbe

1060 886 1193 948 nudum.

918 985 1075 1056 svrvs
1093 983 1189 1051 cos.
1210 1021 1254 1036 -
1275 987 1317 1086 Q,
1334 991 1441 1060 rou.
1459 993 1574 1062 nvrt.
1601 999 1662 1060 ea-

115 1087 221 1152 scmcl
241 1098 385 1161 tuntum,
413 1103 480 1146 non
502 1082 631 1168 saepius
653 1080 860 1168 imperatoris
914 1100 978 1169 pot
996 1089 1137 1151 imberbe
1155 1091 1289 1154 nudum.
1311 1093 1382 1160 stt.
1397 1096 1438 1158 tt.

111 1207 237 1252 nomen
261 1185 403 1262 sdsumi,
431 1197 583 1267 questus,
608 1204 681 1248 estu
703 1184 813 1270 legans
839 1206 860 1248 s

114 1287 252 1354 Claudio
270 1285 439 1352 infractum
455 1287 495 1370 ¹).
518 1287 601 1350 Cum
618 1287 761 1350 omnium
781 1307 860 1352 con·

113 1391 260 1456 sessione
280 1385 432 1452 denarius
450 1387 505 1452 hic
521 1408 617 1450 ensus
634 1387 675 1452 sit
693 1389 769 1454 vivo
785 1389 859 1452 Sul·

114 1493 164 1568 lo,
192 1493 286 1578 isque
313 1501 440 1579 guttum
465 1502 499 1552 et
525 1490 659 1568 lituum,
685 1503 860 1573 auguratus

115 1607 209 1659 oerts
229 1593 385 1677 iusignia,
410 1590 545 1669 offerat,
575 1602 683 1675 putet,
701 1613 859 1677 augurem

114 1695 217 1758 fuisse
244 1695 386 1771 Sullam,
411 1693 548 1780 perinde
572 1714 608 1758 nc
630 1695 734 1757 serius
757 1694 861 1757 lilium

115 1799 281 1864 Faustum.
318 1795 514 1862 sacerdotio
535 1794 636 1860 suisne
662 1795 860 1880 praeditum,

118 1897 217 1963 tradit
234 1899 402 1986 Appianas
416 1893 463 1982 ¹³).

178 2101 303 2166 Nnnsns
322 2103 379 2170 lv.
402 2099 474 2166 eliis
500 2099 649 2164 omnibns
671 2101 789 2164 muscis
812 2100 860 2182 ig·

114 2215 212 2268 notus
234 2203 364 2269 ridetur
382 2227 400 2268 s
420 2203 582 2268 Cicerone
600 2203 714 2274 ,luceru
737 2215 861 2264 mutus·

114 2305 160 2381 ri,
188 2303 246 2391 qul
272 2305 420 2368 meminit
442 2317 566 2368 statuae
586 2304 749 2390 equestris
772 2304 860 2367 insu·

115 2417 206 2471 rates
231 2407 270 2467 L.
290 2405 402 2470 Sollse
424 2407 550 2491 positse
572 2410 613 2487 ο).
643 2409 684 2470 A.
703 2405 860 2483 Manlius,

114 2509 207 2590 cnjus
237 2507 290 2572 hic
317 2527 434 2570 nosnos
464 2508 632 2581 meminit,
669 2505 801 2572 videtur
830 2506 858 2569 is

111 2611 222 2687 idern,
262 2609 318 2694 qui
347 2609 384 2672 C.
409 2607 507 2672 Marii
536 2610 662 2690 legatus
697 2607 731 2668 in
767 2607 857 2672 bello

112 2712 306 2796 iugurthino
322 2711 399 2788 luit,
416 2723 450 2774 et
465 2709 505 2774 eh
520 2710 584 2774 hoc
597 2731 660 2772 urus
675 2729 748 2774 cum
766 2710 857 2772 Sulla

111 2827 228 2878 nostro
258 2812 298 2876 ud
322 2831 437 2896 regom
465 2811 633 2875 Bocchum
664 2811 752 2896 pscis
781 2831 856 2874 corn

109 2915 270 2980 Romanis
287 2914 439 2998 cupidont
462 2913 578 2976 missus
597 2925 646 2976 est
667 2909 711 2994 d).
742 2899 856 2976 Serius

111 3038 196 3102 orgo
227 3015 357 3082 ridetur
382 3014 567 3078 adhaesisse
592 3014 714 3077 Snllse.
752 3015 855 3079 Aurei

109 3119 146 3182 hi
170 3133 241 3183 tres
268 3115 358 3180 nurui
391 3115 522 3178 solitum
555 3128 590 3178 et
618 3117 856 3200 praescriptum

108 3215 287 3284 aureoruni
305 3216 430 3303 pondus
447 3217 547 3280 ninsio
565 3217 744 3295 excedunt,
767 3215 856 3300 quod

107 3335 146 3386 ut
177 3333 315 3386 excuset
341 3321 529 3396 Nsuzseus,
567 3317 744 3396 existimet,
781 3339 855 3381 esse

107 3443 169 3488 eos
201 3442 246 3488 ex
279 3441 393 3483 eorum
424 3439 567 3503 genere,
608 3419 663 3503 qui
696 3420 856 3502 imperen-

1058 1223 1072 1235 ·
1092 1189 1244 1256 SVLLA.
1259 1191 1354 1260 008.
1368 1229 1411 1242 -
1426 1193 1466 1290 Q.
1480 1195 1659 1266 POMPEI.

1059 1289 1152 1354 Sella
1171 1296 1313 1372 eurulis,
1338 1297 1418 1360 diue
1436 1299 1561 1378 lituus,
1585 1305 1661 1365 inde

1056 1412 1188 1454 corono.

897 1489 1074 1560 -nvrvs
1099 1492 1260 1557 cos-
1288 1493 1330 1590 Q,
1352 1495 1532 1567 roursr.
1558 1499 1600 1597 Q,
1620 1505 1658 1567 r.

916 1591 997 1654 ltine
1014 1595 1130 1669 telum,
1152 1597 1251 1658 illino
1266 1617 1388 1660 tomus.
1410 1601 1479 1668 An.
1496 1605 1537 1670 R.

980 1694 1128 1776 Vterque
1149 1694 1202 1758 hic
1227 1695 1378 1760 densrius
1399 1699 1483 1766 sistit
1502 1725 1561 1788 par
1582 1725 1660 1770 cou-

917 1794 1041 1869 sulum,
1064 1797 1103 1860 L.
1122 1797 1220 1864 Gorn.
1239 1798 1382 1878 Sullam,
1404 1814 1439 1864 et
1460 1803 1501 1896 Q.
1515 1807 1659 1891 'Pompe-

915 1896 983 1980 jum
1009 1897 1149 1976 Rufum,
1178 1899 1234 1984 qui
1257 1921 1318 1964 uus
1343 1921 1539 1984 processero
1560 1909 1602 1976 V.
1620 1911 1657 1974 C.

916 1997 996 2075 hhh,
1025 2012 1059 2060 et
1082 1999 1176 2082 prior
1200 1999 1268 2084 ipss
1291 2003 1387 2065 etiam
1416 2006 1584 2093 utriusque
1609 2031 1662 2074 ca-

915 2099 994 2182 pita.
1024 2101 1156 2186 Volupe
1178 2115 1230 2166 est
1254 2101 1367 2170 ridere
1387 2105 1421 2198 in
1441 2105 1504 2172 hoc
1524 2108 1660 2175 denario
1762 2180 1769 2192 .
1818 2183 1827 2198 ,

916 2199 1062 2284 effigiem
1087 2203 1218 2276 Sullae,
1252 2205 1343 2290 cujus
1366 2223 1542 2292 conspecto
1567 2213 1660 2276 vultu

916 2301 1140 2386 Chalcidensis
1160 2306 1289 2390 quidem
1306 2319 1536 2396 puoaopsnpaos,
1556 2327 1592 2377 ut
1608 2335 1660 2378 re·

914 2401 982 2465 l'ert
998 2403 1194 2468 Plutnrchus
1214 2411 1264 2488 ε),
1289 2409 1363 2473 lieri
1387 2431 1454 2476 non
1475 2434 1572 2496 posse
1593 2414 1659 2498 eje·

914 2502 985 2582 het,
1011 2505 1089 2589 quin
1106 2529 1248 2572 surnrnus
1268 2507 1322 2574 hie
1340 2511 1391 2576 vir
1411 2511 1539 2578 futurus
1560 2531 1658 2594 esset,

914 2605 1028 2670 mirari
1044 2609 1140 2671 etiam
1156 2629 1203 2687 se,
1220 2611 1379 2702 quiscere
1397 2617 1508 2698 possit,
1526 2639 1562 2680 se
1580 2640 1659 2683 non·

914 2705 992 2769 dum
1016 2707 1051 2771 in
1075 2711 1204 2776 civitate
1228 2731 1302 2777 esse
1325 2715 1477 2798 primum.
1507 2719 1658 2804 Reliqua,

914 2831 998 2894 quse
1016 2831 1058 2874 ex
1079 2833 1178 2876 numo
1197 2835 1262 2877 non
1281 2833 1453 2900 apparent,
1478 2819 1565 2883 idern
1584 2843 1659 2905 pnr-

912 2911 1005 2974 hihet
1026 2911 1077 2994 ¹¹),
1108 2917 1222 2978 oculos
1246 2917 1396 2998 glaucos,
1425 2937 1548 3004 eosque
1573 2945 1658 2986 ama·

912 3031 968 3074 ros
999 3031 1036 3076 sc
1064 3027 1194 3092 truces,
1229 3015 1346 3079 ssciem
1384 3017 1486 3081 rubro
1515 3021 1655 3106 alboque

914 3111 1028 3175 colore
1044 3115 1176 3179 serisso.
1198 3115 1288 3178 Alibi
1308 3137 1433 3182 consens
1453 3121 1523 3183 suri
1541 3121 1655 3188 colore

912 3214 1100 3278 rutilantem
1119 3231 1279 3282 memoret
1300 3217 1336 3299 i).
1359 3221 1432 3283 Non
1448 3241 1521 3286 esse
1540 3245 1656 3289 numos

913 3315 974 3380 hos
999 3318 1074 3382 rivo
1098 3319 1188 3384 Sullo
1211 3319 1373 3404 signatos,
1402 3341 1468 3384 non
1494 3323 1591 3388 modo
1614 3349 1656 3391 eo

913 3431 1057 3497 certum,
1091 3421 1178 3504 quod
1202 3423 1336 3486 vetitum
1361 3437 1432 3488 erut
1455 3423 1520 3488 rivi
1543 3425 1656 3511 imagi-

105 3541 144 3588 te
172 3525 207 3588 io
227 3523 364 3586 Grsecis
382 3522 490 3598 Sulis,
516 3535 551 3584 et
577 3535 774 3605 procurante
791 3521 856 3584 Lu·
912 3509 988 3582 som
1006 3522 1113 3584 numia
1132 3523 1274 3600 inferre,
1299 3525 1356 3589 sed
1376 3527 1475 3590 etism
1495 3529 1654 3592 constabit

105 3627 221 3702 collo,
263 3622 349 3686 unde
382 3637 417 3686 ot
443 3627 587 3706 pecunie
614 3623 778 3686 luculleo
807 3620 856 3682 di·
912 3640 971 3697 eo,
993 3625 1080 3706 quod
1102 3645 1176 3687 mox
1194 3625 1332 3694 dicetur.

104 3728 154 3792 oti
170 3738 258 3802 sunt,
277 3725 309 3786 in
324 3727 555 3812 Peloponneso
572 3723 689 3808 signati
704 3721 854 3806 luere·⁸).
976 3723 1020 3817 Q.
1041 3725 1218 3810 Pompeius
1242 3727 1346 3790 Rufos
1371 3725 1529 3813 conlegs,
1562 3730 1653 3815 cujus

100 3831 213 3894 Forte
238 3828 271 3894 iu
295 3843 424 3892 monete
449 3825 626 3901 Lucullos,
656 3823 698 3889 de
723 3847 785 3910 qna
807 3825 856 3889 lo·
912 3837 1007 3907 ceput
1035 3845 1148 3890 sversn
1178 3827 1281 3903 sistit,
1320 3829 1455 3913 inipso
1484 3829 1654 3894 consulatu

101 3933 222 4018 quitur
255 3929 448 3993 Plutarchus
475 3927 518 4010 ί),
563 3927 686 3990 certius
721 3925 856 4012 putendi
912 3945 1026 3990 cresus
1046 3941 1097 3990 est
1119 3949 1137 3990 s
1163 3929 1221 3992 Cn.
1239 3929 1400 4012 Pompeio
1425 3930 1584 3994 Strabone
1607 3933 1653 3994 in·

100 4047 187 4098 sunt
206 4031 247 4109 ii,
272 4051 355 4116 quos
374 4033 452 4095 loco
475 4028 530 4092 lll.
552 4029 726 4113 proposui,
751 4031 854 4114 quod,
913 4025 1060 4112 dignato,
1088 4027 1175 4113 quod
1195 4030 1396 4108 exercitum,
1424 4030 1477 4094 cui
1502 4051 1563 4114 per
1583 4031 1654 4096 bel·

102 4151 147 4198 ut
163 4135 250 4212 dixi,
275 4135 477 4218 operierunt
496 4131 615 4210 hiulci,
641 4143 675 4196 et
690 4129 787 4195 l'scile
804 4151 855 4196 es·
910 4129 979 4192 lum
1001 4131 1123 4194 sociale
1145 4131 1303 4215 praefuit,
1328 4130 1436 4194 eidem
1455 4133 1586 4197 tradere
1607 4134 1652 4213 iu·

100 4253 239 4304 streete
257 4256 339 4322 opus
357 4233 518 4300 referunt.
639 4269 649 4280 ·
911 4229 1116 4317 heharusk),
1145 4247 1242 4316 etque
1261 4232 1289 4295 is
1304 4233 1414 4317 paullo
1436 4229 1510 4298 suto
1535 4255 1652 4300 necent

147 4577 181 4648 a)
199 4573 394 4634 L.LX.o.2t.
470 4572 505 4646 h)
524 4570 598 4629 Bell.
613 4569 667 4628 cir.
684 4569 717 4627 L.
728 4567 749 4626 1.
831 4566 1095 4640 c)Phil.1X.c.6.
1174 4567 1209 4639 d)
1230 4567 1346 4628 Sallust.
1360 4567 1434 4632 Bell.
1447 4570 1511 4648 lug.
1526 4569 1653 4648 Appias.

95 4667 302 4742 Excerpttlt.
321 4661 460 4740 deleget.
545 4665 576 4738 e)
595 4657 984 4735 chronmpsrs.
1064 4656 1387 4736 OinLucull.p.492.
1470 4662 1505 4740 g)
1526 4661 1556 4719 in
1573 4661 1655 4720 Sulla
1759 4645 1773 4666 '

94 4767 217 4836 pass
296 4751 528 4828 h)tc.p.sss.
610 4751 830 4831 i)Lc.p.454.
912 4747 1342 4828 k)sppisn.1telt.ctv.t..t
