4184 5500
405 579 452 657 ,0
862 547 1407 650 ,·nn0nneonnnn

411 749 466 803 aut
493 748 706 820 quaeeunque
728 726 763 792 in
781 723 878 791 honis
899 735 1070 809 putantur,
1096 738 1155 784 ne·
1210 719 1671 803 Lnohnumoonquareretur
1685 717 1879 802 Momm-⁸),
1901 739 1957 784 ne·

411 831 476 925 qua'
494 836 803 913 iunones-asemper
826 837 989 911 potestate
1006 835 1081 890 eunt
1095 840 1156 907 po·
1211 821 1335 885 minam
1356 820 1422 905 jam
1442 818 1636 905 majeribus,
1663 817 1877 888 veteribusve
1896 820 1958 885 diis

411 941 487 1017 aita,
515 951 579 1002 ute
601 935 782 1008 fortunam,
812 931 991 1004 honorem,
1021 924 1156 989 liberta·
1211 923 1302 988 velle
1317 921 1518 997 eenriiioare,
1540 919 1599 985 aed
1614 919 1824 986 hecatomben
1837 943 1959 1008 propo-

413 1060 498 1118 tem,
542 1039 697 1110 salutem,
736 1030 954 1114 triumphum,
1000 1023 1157 1091 valetudi·
1213 1043 1296 1087 nero
1318 1023 1457 1101 Virtuti,
1478 1024 1638 1100 Naturae,
1663 1024 1766 1100 E'ato,
1789 1024 1956 1090 Fortunae

414 1165 501 1210 nem.
551 1143 607 1202 111.
636 1134 740 1212 Vitia,
773 1145 806 1195 et
836 1129 939 1206 mela,
969 1141 1022 1193 utt
1055 1124 1157 1210 palio·
1212 1145 1331 1191 recena
1352 1126 1450 1190 eoelo
1473 1123 1616 1210 illapsis,
1644 1137 1676 1187 at
1694 1121 1895 1204 ambrosiae,
1924 1141 1959 1192 et

413 1267 503 1321 rem,
540 1257 723 1326 perorem,
754 1232 875 1296 febrim
896 1243 959 1295 eto.
1010 1229 1102 1292 Haeo
1123 1237 1157 1289 et
1212 1227 1354 1292 neuntio
1369 1225 1544 1291 sextarium
1559 1227 1624 1309 jam
1638 1223 1726 1289 mina
1738 1225 1814 1290 emi·
1820 1241 1958 1314 propter

415 1341 549 1418 similia,
578 1355 717 1424 quorum
740 1333 775 1396 in
795 1345 949 1400 veterum·
967 1345 1159 1391 monumen·
1213 1329 1424 1396 convivarum
1456 1327 1675 1412 promiscuam
1704 1327 1956 1395 multitudinem.

413 1447 456 1510 tie
478 1445 592 1507 iaonee
615 1437 785 1506 videmus,
814 1453 882 1497 non
901 1425 1004 1493 nudae
1026 1445 1159 1512 temper
1215 1431 1407 1522 Quanquam
1425 1427 1562 1494 ferenda
1574 1427 1637 1492 fuit
1652 1427 1896 1513 quodammodo
1907 1455 1958 1496 sn·

413 1547 516 1610 iuiesa
544 1537 798 1622 neenunonoriar,
836 1529 897 1597 eod
922 1528 1077 1596 eoelestis
1103 1547 1158 1590 ne·
1212 1531 1393 1620 perstitio,
1410 1549 1493 1615 queo
1514 1529 1688 1610 virtutihus
1709 1529 1856 1598 honores
1877 1532 1958 1599 disi·

413 1662 507 1713 turae
534 1640 660 1716 habita,
691 1634 768 1699 indo
791 1645 898 1718 patet,
930 1629 1018 1718 qnod
1041 1649 1157 1694 eorum
1212 1653 1274 1699 noe
1292 1631 1493 1717 impertieit3
1521 1649 1637 1697 verum
1661 1651 1743 1716 quae
1768 1633 1956 1720 aliamajor

396 1747 536 1812 iuononi
551 1743 650 1810 ander
666 1758 777 1802 sarrae
793 1733 932 1822 perinde
949 1752 987 1798 ao
997 1730 1157 1815 diiaipeie
1212 1733 1354 1813 inamir,
1369 1753 1465 1820 qnam
1481 1753 1563 1819 quae
1575 1733 1653 1796 vitia
1663 1731 1839 1814 morbos,
1851 1735 1956 1804 larvas

416 1842 770 1914 constitutreiaernnt.
791 1839 915 1902 Harum
928 1833 1065 1920 aliquas,
1084 1832 1160 1900 Vir·
1215 1837 1277 1902 diie
1295 1835 1546 1924 aequiparavit?
1571 1835 1664 1927 Quae
1684 1834 1820 1920 quidem
1835 1839 1956 1924 religio

415 1951 495 2026 tuti,
522 1937 668 2022 Honori,
698 1939 820 2018 Menti,
849 1938 1023 2021 veniaeque
1040 1936 1176 2024 Fortu·¹
1214 1937 1381 2008 veter-ihus
1411 1937 1498 2022 ipris
1525 1937 1643 2002 altiore
1675 1936 1813 2022 quadam
1845 1953 1954 2004 mure

415 2071 478 2116 nae
496 2047 660 2113 dedicatae
681 2054 857 2106 recensent
875 2041 993 2104 cinero
1008 2039 1062 2120 ⁸),
1081 2035 1158 2099 Plu·
1214 2039 1375 2126 praeditin
1387 2037 1534 2124 indigna,
1553 2051 1588 2104 et
1598 2037 1801 2105 intoleranda
1814 2041 1883 2108 viee
1896 2057 1956 2106 eet.

416 2153 550 2220 terehue
564 2147 619 2232 ι1),
641 2159 677 2210 et
691 2141 853 2211 iuvenalis
868 2143 918 2225 ῆι
1216 2139 1325 2206 Testis
1348 2139 1423 2217 lex,
1443 2129 1543 2226 quam'
1557 2139 1734 2236 Quiritium
1759 2143 1956 2228 “pientissi-

784 2251 788 2260 '
1216 2263 1289 2308 mus
1314 2239 1420 2306 sanxit
1438 2237 1481 2324 ῆι
1515 2243 1587 2306 Ast
1606 2245 1694 2321 olla,
1712 2258 1851 2330 propter
1873 2265 1956 2327 quur

478 2351 757 2442 ‚Quandoqutnrm
792 2345 886 2410 inter
923 2362 985 2405 nos
1016 2325 1160 2406 innotis·
1215 2348 1317 2410 dutus
1330 2345 1461 2408 bomini
1470 2345 1648 2408 adscensus
1658 2348 1696 2409 in
1707 2347 1957 2424 cocionum

775 2447 865 2512 simo
877 2443 1074 2508 divitiorum
1215 2458 1302 2524 tem,
1311 2445 1492 2522 Virtutem,
1509 2447 1689 2523 Pietatem,
1706 2447 1819 2512 iidem
1830 2469 1957 2511 earum·

339 2577 341 2587 ·
469 2557 635 2634 Molestus
641 2573 655 2626 ,-
671 2551 738 2615 etsi
736 2547 880 2633 funesta
885 2547 1029 2626 perum
1038 2543 1158 2629 templo
1215 2568 1279 2630 que
1292 2545 1430 2609 laudum
1447 2545 1585 2624 delubro
1596 2560 1707 2610 sunto.
1735 2545 1806 2614 Neo
1825 2549 1899 2618 ulla
1911 2552 1957 2612 oi·

479 2655 636 2722 noudum
660 2651 812 2723 liabitas,
843 2645 956 2708 nullus
986 2665 1160 2708 nnmerum
1216 2651 1340 2712 tiorum
1365 2665 1464 2710 sacru
1489 2647 1644 2712 solennia
1665 2649 1817 2712 obeunte.
1849 2646 1956 2744 ⁴Quae

777 2751 943 2811 erenimus
961 2765 1056 2823 oras,
1217 2745 1338 2814 deinde
1351 2745 1453 2814 teriia
1464 2747 1576 2834 pnullo
1590 2747 1676 2814 inira
1690 2749 1739 2816 ein
1752 2749 1894 2837 explieat
1908 2755 1956 2836 tJ:

484 2859 532 2923 Vr
551 2854 675 2920 colitur
687 2851 773 2928 Pax,
795 2863 894 2926 utque
912 2844 1030 2924 Fides,
1049 2845 1161 2916 virto
1217 2851 1309 2914 Bene
1322 2852 1517 2932 oero,.quod
1532 2851 1660 2929 Mens,
1672 2855 1804 2930 Pietas,
1826 2855 1957 2928 Virtus,

781 2948 851 3027 ria,
871 2948 1001 3036 Virtus,
1089 2969 1091 2976 ’
1217 2953 1317 3018 Fides
1336 2963 1551 3015 consecratur
1576 2971 1706 3033 monn,
1731 2973 1873 3036 quarum
1895 2975 1960 3019 om·

486 3061 644 3144 Quaeque
672 3055 822 3122 salutato
848 3051 990 3135 crepitat
1019 3048 1162 3114 Conoor·
1219 3058 1322 3118 nium·
1339 3053 1466 3116 Romae
1495 3053 1651 3118 dedicata
1673 3055 1807 3138 publico
1840 3057 1960 3138 templu

780 3153 832 3242 die
852 3154 941 3217 nido.
1219 3167 1308 3232 sunt,
1325 3167 1374 3232 nt,
1393 3155 1457 3216 illu
1474 3157 1533 3234 qui
1549 3155 1961 3238 babeantUtubentuutrns

1220 3275 1332 3318 omnes
1357 3253 1453 3336 bons)
1475 3255 1554 3318 deos
1570 3259 1661 3340 ipsos
1685 3261 1722 3321 in
1747 3259 1871 3322 anisnis
1892 3259 1963 3320 suis

421 3363 507 3428 Vide
524 3361 618 3444 plura
636 3345 787 3440 exempla
811 3355 843 3414 in
860 3355 897 3418 P.
915 3353 1061 3420 Victoris
1076 3351 1163 3416 libro
1219 3356 1404 3421 collocutos
1421 3355 1551 3440 putent.
1581 3357 1670 3422 Num
1693 3360 1782 3422 illud
1805 3360 1962 3424 vitiosum

421 3465 462 3526 de
494 3459 688 3545 regionibue
720 3458 855 3518 Itomae.
897 3455 971 3517 Huc
1002 3453 1164 3537 pertinet,
1221 3447 1388 3532 Alienis,
1402 3459 1502 3538 quod,
1525 3460 1665 3544 Cylonio
1680 3461 1803 3524 scelere
1817 3462 1965 3544 expiato,

420 3564 508 3653 quod
531 3561 572 3627 ad
600 3559 737 3622 fratrem
760 3555 918 3648 Quintum
938 3555 1069 3638 scripsit
1086 3553 1165 3616 Tul·
1222 3557 1416 3639 Epimenidr
1435 3559 1531 3622 Crete
1542 3561 1874 3644 suadente,sccernnt
1884 3561 1965 3626 Con·

419 3669 482 3732 150,
495 3665 550 3744 ,ἀμ
584 3663 696 3745 Quare
711 3661 867 3741 qnoniam
881 3659 917 3718 in
935 3659 1013 3720 istis
1028 3655 1165 3719 urbibus
1193 3711 1195 3716 .
1222 3651 1509 3743 enmelinesunusn
1519 3677 1578 3738 ,et
1592 3663 1829 3746 Inpudentiae.
1854 3665 1967 3726 Virtu-

419 3791 494 3836 cnm
512 3757 639 3831 summ'o
665 3761 803 3844 imperio
823 3769 857 3822 et
874 3753 1041 3841 potestate
1058 3777 1166 3822 versu·
1221 3770 1274 3822 tes
1295 3761 1400 3837 enim,
1435 3781 1501 3824 non
1522 3765 1607 3827 vitiu
1643 3783 1835 3829 consecrare
1864 3767 1965 3830 denen

423 3875 489 3955 ris,
508 3863 680 3947 inquibus
697 3863 1164 3937 tuusnirtuteseonrecrutas,
1197 3948 1203 3965 l
1223 3861 1365 3941 Araque
1385 3874 1479 3926 vetus
1494 3875 1565 3926 stat
1579 3866 1616 3927 in
1632 3865 1765 3946 palatio
1786 3864 1916 3942 Febris,
1933 3879 1966 3928 es

419 3985 452 4035 et
479 3976 516 4034 in
542 3971 835 4036 deornm-‚numero
865 3961 1048 4023 collocatas
1074 3961 1166 4024 vides
1222 3962 1333 4025 ultera
1355 3961 1520 4045 Esquiliis
1547 3961 1667 4028 Mulae
1691 3965 1859 4030 Fortunae
1880 3969 1966 4030 dete·

421 4084 482 4135 etc.
505 4072 613 4155 Atque
626 4068 690 4130 hoe
703 4061 879 4127 modonon
892 4061 1032 4126 Romani
1044 4061 1160 4141 aulum,
1221 4075 1415 4146 statuoque,
1442 4083 1527 4146 quur
1552 4069 1665 4128 omniu
1689 4067 1849 4142 ejusmodi
1873 4089 1965 4152 repu-

422 4171 481 4234 aed
503 4185 536 4234 ot
552 4168 672 4234 Greeoi
690 4167 736 4232 sin
757 4163 933 4252 Olympum
959 4163 1052 4228 novis
1076 4163 1165 4227 colo·
1222 4167 1451 4231 liundorum.
1483 4165 1609 4232 Iiandat
1628 4167 1782 4234 continno
1800 4167 1965 4244 Salutem,

422 4273 489 4343 nie,
518 4269 579 4333 diia
600 4291 676 4335 sane
695 4267 873 4334 secundum
891 4267 1042 4332 Plautum
1062 4264 1165 4329 mmu-
1220 4268 1411 4348 Honorem,
1441 4267 1567 4351 O‘pom,
1595 4267 1796 4348 Victoriam,
1826 4269 1927 4354 Spem
1948 4295 1966 4333 a

392 4373 461 4446 ,tia
475 4386 509 4436 et
524 4370 706 4455 patalariis,
727 4369 929 4454 implevere,
945 4382 981 4432 ut
995 4369 1067 4452 jure
1078 4366 1164 4451 apud
1221 4368 1368 4434 Calatino
1405 4385 1647 4450 consecratam,
1690 4371 1871 4436 Fortunam
1909 4373 1966 4434 irn-

699 4479 709 4514 l

454 4693 486 4766 a)
505 4690 828 4754 DeNst.deor.11.ts.
911 4689 947 4764 b)
967 4690 1005 4748 de
1016 4691 1096 4750 Fert.
1111 4691 1197 4750 Rom.
1211 4699 1432 4770 p.m.3td,319.
1468 4715 1473 4730 ·
1512 4697 1545 4766 e)
1563 4693 1652 4754 Sati,
1666 4707 1765 4757 nitt-
1846 4693 1965 4768 d)1..1.

426 4781 630 4855 =nirt1.§.1o.
704 4781 735 4852 e)
756 4777 871 4839 Coneil.
888 4777 1107 4840 deonsubfiu.
1180 4777 1547 4880 ῡάειεςξδ.ῐι.ῑί.ο.8,
1620 4787 1654 4862 3)
1674 4783 1805 4864 Cap-tt.
