4184 5500
391 537 461 604 ¹58
839 511 1090 588 cartola.
1128 511 1487 589 cturvrttttA.

391 690 488 758 BVS.
516 666 726 753 rvssntcts'.
755 683 944 750 stenvtt.
983 681 1133 766 Denique
1194 697 1261 744 tum
1283 682 1383 749 fuisse
1404 684 1532 769 rignum
1555 705 1596 774 ex
1621 699 1710 752 terra
1732 699 1825 752 cocta
1851 709 1947 774 prae-

394 805 428 854 et
463 789 613 854 adstituta
651 799 942 870 monogrammata,
984 805 1066 870 quae
1102 785 1135 846 in
1195 785 1276 846 clari
1293 786 1437 863 artilioii,
1456 787 1543 872 quod
1559 786 1694 852 exbibet
1713 783 1819 852 larem
1832 789 1948 856 dome·

393 894 513 956 LARE
534 889 705 955 commode
726 890 950 962 resolvuntur,
968 887 1070 950 Lares
1089 889 1138 948 ul·
1194 885 1310 948 aticum
1330 886 1520 966 rodentem,
1547 902 1582 951 et
1599 891 1689 972 pelle
1710 894 1824 956 canina
1846 897 1946 956 resti-

395 1013 447 1058 tro
467 993 640 1078 eloquitur.
661 989 782 1055 Docuit
800 1009 853 1052 me
873 987 1019 1052 eruditus
1038 987 1136 1052 abbas
1167 1001 1280 1065 tum,
1311 987 1418 1052 addita
1442 989 1671 1074 inscriptione:
1710 993 1746 1056 C.
1772 994 1945 1062 rvrtvs.

394 1098 476 1174 Fea,
496 1107 580 1160 anno
600 1095 678 1178 1773
698 1094 732 1156 itt
750 1111 830 1176 egro
844 1091 1005 1157 Perusino
1023 1112 1137 1177 reper-
1194 1089 1344 1174 FINm'r
1366 1089 1407 1172 ⁸).

979 1326 1366 1466 rameru.

459 1587 549 1652 Genu
571 1583 711 1669 plebeia.
973 1667 978 1674 .
1200 1559 1273 1644 eum
1292 1581 1334 1676 Q.
1353 1581 1506 1659 Metello,
1530 1595 1563 1644 et
1583 1582 1641 1646 Cn.
1657 1581 1774 1648 Fulrio
1793 1585 1827 1646 iu
1848 1583 1949 1650 deua-

459 1693 507 1756 tt.
530 1687 626 1756 CAL.
655 1685 710 1756 vel
737 1683 881 1748 camo.
912 1681 945 1744 in
974 1680 1140 1748 consortio
1199 1683 1258 1746 riia
1280 1685 1490 1770 perantiquae
1506 1683 1644 1752 formae.
1668 1685 1738 1748 An.
1755 1687 1797 1752 tt.

912 1973 1433 2060 CALPVRNIA.

458 2176 548 2264 Genu
563 2173 703 2260 plebeia,
721 2171 780 2238 aeti
799 2171 1002 2258 perantiqua,
1020 2169 1142 2255 quippe'
1459 2222 1479 2262 .
1564 2173 1584 2212 ⁸
1668 2220 1688 2257 ,
1792 2175 1803 2186 '

398 2301 416 2340 a
438 2277 540 2361 Calpo
567 2279 691 2340 Numae
714 2276 753 2342 F.
777 2275 939 2360 originem
964 2273 1078 2351 traxit,
1107 2285 1143 2335 ut
1202 2275 1280 2338 Piso
1297 2277 1413 2357 Frugi.
1618 2333 1621 2343 ,

399 2378 480 2440 inira
502 2379 638 2443 dicetur.
1346 2377 1454 2457 Caput
1470 2376 1669 2460 Appollinis
1687 2375 1773 2440 laur.

462 2480 663 2562 Cognomina
690 2479 724 2540 in
749 2478 875 2539 numia:
913 2479 1013 2540 Piso:
1049 2473 1142 2556 eujna
1199 2474 1236 2540 L.
1257 2473 1369 2541 Plso.
1390 2477 1535 2550 Favet.
1555 2477 1588 2540 iu
1608 2473 1951 2544 attts=C.P180.L.
2079 2505 2080 2508 ¹

399 2581 571 2664 originem
588 2581 639 2643 hie
664 2579 813 2645 versibus
842 2579 987 2645 declarat
1015 2575 1141 2641 Saleius
1199 2576 1238 2639 F.
1256 2576 1402 2644 FRVGI.
1432 2579 1544 2660 Eques
1562 2582 1677 2662 rapide
1697 2582 1864 2658 inuectus,
1891 2583 1952 2662 qui

399 2683 517 2744 Bataua
538 2677 591 2763 b):
1200 2680 1237 2741 irt
1257 2679 1337 2740 aliis
1357 2680 1545 2757 tridentem,
1570 2682 1608 2743 irt
1630 2681 1711 2743 aliis
1725 2685 1862 2766 facem,
1888 2693 1950 2744 aut
2080 2732 2081 2760 ,

1199 2779 1406 2861 gladiolum,
1429 2793 1488 2842 aut
1505 2781 1670 2863 palmam,
1694 2795 1755 2843 aut
1764 2781 1960 2866 flagellum

467 2884 630 2964 Cluraque
652 2881 785 2946 Pisonis
807 2883 926 2946 tulerit
947 2881 1144 2961 cognomina
1203 2891 1307 2956 tenet,
1329 2882 1449 2944 inimo
1468 2901 1564 2964 saepe
1582 2883 1725 2947 ROMA.
1747 2883 1817 2948 AR.
1833 2883 1872 2948 C.

921 2983 1048 3066 primu,
1264 2980 1471 3044 incredibilia
1503 2994 1553 3046 eat
1584 2983 1701 3046 borum
1735 2980 1948 3047 denariorum

464 3089 611 3152 Humido
626 3088 753 3152 callosa
771 3105 844 3148 cum
859 3087 1006 3168 pinseret
1022 3083 1144 3148 hordeo
1200 3103 1375 3160 numeror,
1418 3103 1557 3168 quorum
1592 3083 1743 3169 plerique
1782 3098 1837 3148 aut
1869 3097 1948 3148 nota

923 3189 1055 3251 dextro.
1200 3185 1421 3260 arithmetice,
1458 3197 1514 3246 aut
1545 3185 1640 3248 litera
1670 3184 1855 3270 alphabeti,
1893 3201 1949 3250 aut

1201 3285 1349 3349 tolit'ario
1379 3284 1527 3368 symbolo
1558 3285 1733 3365 differunt,
1766 3309 1864 3373 quom
1897 3311 1950 3354 ra·

398 3395 442 3474 Ei
461 3411 559 3475 caepe
580 3386 709 3451 additur
727 3388 848 3470 Frugi,
874 3401 1014 3472 propter
1035 3385 1144 3470 iruga·
1200 3387 1352 3450 rietatem
1397 3387 1454 3448 uui
1495 3389 1751 3452 monetariorum
1790 3390 1949 3468 lubidini,

398 3487 527 3559 litatem
552 3489 689 3553 inditum
717 3488 756 3551 L.
778 3489 907 3564 Pitoni,
943 3503 979 3552 ut
1008 3501 1144 3552 testetur
1201 3503 1256 3552 aut
1280 3487 1483 3551 ollioinarum
1509 3489 1655 3553 instituto
1673 3493 1783 3558 Darou
1806 3511 1872 3578 ego
1892 3493 1951 3556 tri·

399 3598 517 3664 Cicero
542 3598 580 3677 ο).
624 3589 755 3673 latigne
787 3589 998 3654 abstinentiae
1036 3609 1144 3653 exem·
1201 3589 1286 3665 buo,
1310 3609 1383 3652 cum
1405 3589 1490 3652 desit
1509 3590 1695 3674 ingenium,
1718 3593 1897 3679 qualeiuit
1916 3595 1949 3656 in

399 3703 490 3788 plum
519 3697 554 3760 in
583 3691 759 3778 Calpurnio
787 3691 908 3754 Pisone
947 3711 1144 3755 commemo-
1201 3691 1377 3758 Vaillantio
1408 3704 1442 3754 et
1468 3693 1715 3780 Harereampo,
1747 3696 1803 3780 qui
1832 3694 1950 3759 harum

400 3816 451 3867 rat
474 3799 548 3869 Val.
571 3795 730 3860 Maximus
751 3792 796 3879 t¹).
832 3791 933 3857 Aliud
959 3813 1143 3879 cognomen
1201 3813 1313 3856 rerum
1343 3794 1487 3856 omnium
1515 3815 1627 3884 ornare
1655 3795 1857 3882 reperiendo
1887 3795 1949 3860 ribi

402 3904 554 3968 Bibulus.
1201 3895 1370 3981 praeclare
1410 3895 1648 3964 eatiel'ecerunt.
1693 3899 1770 3962 Curi
1805 3913 1882 3964 eunt
1915 3899 1951 3964 bi

763 4035 784 4074 0
1202 3997 1328 4062 denarii
1346 4019 1364 4061 a
1382 3997 1420 4061 L.
1438 3997 1558 4062 Pisone
1576 3999 1697 4084 Frugi,
1723 4001 1860 4086 ejusque
1881 4001 1951 4066 lilio

660 4082 680 4122 ‘
868 4079 888 4118 ¹
1202 4099 1300 4175 Caio,
1324 4097 1365 4162 de
1391 4119 1529 4184 quorum
1556 4114 1662 4164 aetate
1688 4101 1820 4166 ariolari
1845 4107 1948 4190 piget,

532 4191 651 4289 'Caput
670 4203 984 4276 Poliadiroiutum,
1003 4219 1088 4283 pone
1105 4198 1144 4262 X.
1202 4201 1264 4264 etri
1292 4200 1382 4263 illam
1412 4200 1592 4268 definivere
1621 4203 1695 4281 alii,
1729 4219 1839 4270 utrum
1871 4209 1950 4271 ratio

401 4311 467 4376 CN.
496 4308 622 4374 GALP.
674 4307 836 4372 Dioscuri
868 4307 1012 4386 equites,
1052 4304 1146 4388 insto
1203 4315 1315 4380 reete,
1343 4301 1488 4384 judicent
1509 4305 1575 4369 elii.
1614 4305 1802 4370 Peritorum
1824 4308 1949 4392 judicio

400 4411 540 4476 ROMA.
567 4409 638 4473 AR.
654 4409 695 4472 tt.
1203 4417 1340 4488 utraque
1375 4405 1465 4467 numi
1498 4427 1573 4491 para
1612 4407 1707 4474 ludoa
1738 4409 1951 4495 Apollinares

437 4675 468 4747 a)
489 4669 538 4734 Ad
551 4664 770 4724 Wiultelmanni
785 4664 880 4722 Storia
895 4663 972 4723 delle
989 4667 1042 4722 arti
1058 4665 1124 4728 Vol.
1135 4669 1185 4732 lli.
1204 4679 1306 4748 pm.
1417 4671 1421 4678 '
1440 4665 1476 4740 b)
1496 4669 1527 4728 in
1542 4671 1640 4732 Cum.
1655 4671 1693 4728 td
1709 4671 1846 4732 Pisonem
1863 4691 1890 4733 v.
1905 4677 1946 4738 t6.

400 4767 432 4840 o)
451 4778 507 4840 pro
517 4757 643 4820 Fonteio
660 4775 685 4816 o.
697 4767 738 4821 tt·
850 4753 884 4830 d)
904 4755 936 4814 t.
946 4753 996 4816 tv.
1013 4775 1036 4816 e.
1046 4769 1072 4821 a.
1741 4751 1752 4766 “
