4184 5500
419 557 488 640 ¹²³2.
1032 533 1330 634 ιριίιιιι.

374 711 379 720 ’
419 711 667 776 remundumin
680 723 791 788 genua
804 713 1068 784 prorumpentem
1085 702 1161 764 sub·
1218 697 1318 764 dubio
1348 697 1528 782 pertinent,
1564 713 1773 784 senatusque
1803 701 1867 767 siti
1914 703 1964 766 Ex
2068 715 2069 762 1

421 814 533 888 unae,
568 813 659 893 infra
686 805 808 868 SICIL.
862 801 944 862 Sunt
976 801 1012 863 ht
1044 801 1162 866 serrati
1218 821 1283 886 quo
1303 813 1454 884 apparet,
1475 801 1647 885 permagni
1670 801 1851 879 interesse,
1871 807 1966 889 ipsis·

422 909 1318 978 moestissimos
1339 901 1468 978 numia,
1491 921 1533 963 su
1556 921 1672 964 eorum
1693 901 1909 988 imaginibus,
1931 918 1967 966 ιι

564 1009 747 1075 CAESAR.
768 1002 1012 1074 AVGVSTVS.
1055 1003 1163 1088 Caput
1219 1003 1465 1088 Harercampus
1515 1001 1719 1078 instituerat,
1772 1013 1967 1090 arguments

564 1113 699 1175 nudum.
1220 1105 1299 1168 artis
1318 1119 1450 1169 nostrae
1473 1123 1672 1189 promamus.
1714 1106 1859 1170 Necesse
1883 1125 1966 1192 ergo

423 1219 465 1281 L.
493 1211 742 1306 AQVILLIVS.
793 1206 980 1274 FLORVS.
1030 1206 1165 1274 IIIVIR.
1221 1217 1288 1283 est,
1317 1205 1486 1292 utriusque
1505 1219 1644 1288 aetatem
1659 1203 1796 1268 multum
1813 1205 1967 1273 differre.

423 1319 515 1382 Idem
535 1331 644 1398 typus.
668 1313 738 1372 AR.
757 1313 799 1374 R.
1221 1305 1303 1370 Cum
1339 1328 1457 1369 numus
1487 1305 1579 1391 prior
1612 1319 1681 1370 tres
1708 1306 1804 1370 nobis
1837 1309 1968 1372 Manios
2069 1298 2070 1342 ³

486 1413 652 1478 Habetin
671 1412 725 1474 his
742 1408 912 1474 tenutis·
902 1407 1029 1490 insigne
1047 1405 1166 1470 Iactum
1223 1407 1339 1482 dictet,
1356 1407 1487 1472 videtur
1500 1409 1619 1470 horum
1639 1409 1880 1474 vetustissimus
1892 1429 1968 1473 este

426 1519 515 1581 Mau.
543 1513 698 1599 AquilIii,
739 1509 796 1596 qui
821 1507 937 1572 consul
962 1510 1004 1574 V.
1026 1509 1063 1568 C.
1092 1505 1165 1572 653.
1223 1509 1273 1584 is,
1300 1512 1359 1593 qui
1379 1508 1461 1571 belli
1485 1507 1622 1574 Asiatici
1647 1509 1687 1573 sb
1707 1510 1898 1573 Aristonico
1912 1513 1970 1574 At·

427 1615 567 1700 uonlega
589 1613 625 1680 C.
640 1612 747 1676 Mario
772 1631 829 1675 eos
848 1609 890 1676 V.
914 1607 955 1671 ud
971 1607 1094 1671 bellum
1118 1607 1168 1670 iu-
1224 1610 1339 1674 talione
1355 1609 1564 1674 haereditetis
1585 1629 1680 1674 causa
1705 1607 1789 1674 moti
1807 1609 1968 1696 reliquias

428 1717 604 1802 gitirorum
621 1714 756 1791 missus,
779 1730 885 1797 eoque
902 1721 1076 1798 prorogata
1092 1729 1170 1793 pro·
1225 1710 1385 1787 coniecit,
1416 1711 1690 1798 triumphauitque
1712 1713 1754 1781 V.
1776 1715 1812 1778 C.
1836 1713 1904 1777 inii
1924 1713 1971 1776 vi·

425 1817 532 1885 vincia
574 1815 719 1880 feliciter
771 1812 941 1906 coniecto,
991 1823 1170 1895 pscstsque
1226 1825 1299 1876 otor
1326 1832 1368 1876 eo
1389 1811 1479 1876 bello
1501 1834 1567 1876 nou
1597 1814 1700 1898 magis
1721 1813 1836 1890 armis,
1870 1835 1970 1899 quam

426 1918 597 2006 provincis
616 1916 750 1982 biennio
770 1927 844 2000 post
862 1933 962 1978 oruna
984 1911 1102 1976 urheru
1121 1910 1170 1971 in·-
1223 1914 1408 1996 impietate,
1436 1914 1545 1978 mistis
1573 1935 1702 1980 veneno
1731 1913 1874 1978 hostium
1900 1916 1972 1979 Ion·

427 2041 559 2106 gressus
582 2033 643 2083 est.
679 2016 765 2092 Vide
785 2015 936 2100 Pighium
953 2012 1109 2078 ndsunos
1125 2011 1170 2074 ci·
1226 2013 1310 2076 tibus
1333 2012 1377 2095 ιι).
1400 2016 1525 2098 .IIujus
1552 2009 1642 2080 iilius*
1659 2017 1785 2080 Manius
1813 2019 1902 2081 alter
1925 2017 1974 2080 iu·
2070 2069 2071 2096 2

426 2135 522 2189 tatus.
565 2122 680 2183 Fuisse
710 2119 788 2180 hnic
809 2116 955 2202 Aquinio
984 2131 1169 2197 cognomen
1226 2116 1404 2199 gitIrorum
1431 2119 1467 2178 in
1494 2117 1605 2180 Sicilia
1626 2117 1787 2195 domitor,
1822 2133 1860 2182 nt
1890 2119 1974 2180 disi-

427 2221 533 2300 Galli,
561 2221 661 2286 docet
676 2219 805 2304 insigne
826 2235 969 2278 marmor
986 2214 1070 2297 opud
1087 2213 1173 2276 Gru·
1226 2237 1317 2294 mus,
1346 2235 1384 2280 so
1415 2217 1511 2302 hujus
1548 2217 1690 2303 denique
1722 2219 1809 2284 iilius
1841 2221 1972 2284 Manius

428 2324 601 2404 terum·)=
632 2317 910 2414 ALAQIIILIIIS.
935 2317 981 2381 tt.
1000 2315 1039 2380 F.
1066 2313 1170 2376 GAL-
1226 2318 1342 2395 lIIvir,
1384 2339 1482 2402 quem
1520 2319 1673 2384 denarius
1714 2335 1896 2398 memoret,
1941 2335 1974 2384 et

427 2417 526 2494 L'VS.
546 2421 739 2512 frocos,
769 2419 892 2488 VtAtu
916 2416 1072 2506 secet.
1099 2415 1168 2480 AB.
1227 2420 1284 2504 qui
1307 2439 1439 2480 numum
1461 2421 1547 2485 hune
1568 2441 1636 2485 non
1658 2421 1761 2486 multo
1780 2435 1859 2506 post
1880 2425 1974 2486 Sicu·

429 2523 579 2588 REGIO.
602 2525 674 2590 AI).
695 2519 885 2588 CAPVAM.
909 2551 924 2565 ·
945 2551 960 2567 -
983 2549 997 2564 ·
1019 2515 1091 2580 ET.
1112 2516 1172 2576 EI·
1226 2521 1294 2583 lum
1313 2519 1395 2582 illud
1410 2521 1535 2585 beilum
1552 2522 1704 2600 ferierit,
1731 2523 1772 2586 de
1791 2545 1859 2609 quo
1878 2541 1974 2606 pater

429 2629 537 2688 nest.
553 2621 775 2686 PRAETOR.
793 2623 849 2684 IN.
868 2617 1034 2681 SICILIA.
1051 2615 1172 2682 FVGI·
1228 2621 1270 2690 V·
1293 2622 1330 2687 C.
1353 2623 1415 2686 655
1445 2645 1545 2688 orsus
1572 2623 1687 2688 urbem
1708 2625 1877 2710 ingressus
1902 2641 1975 2706 est3

430 2725 603 2792 TEIVOS.
620 2721 908 2787 ITALICORVH.
931 2717 1172 2810 CONQVAEI-
1228 2743 1302 2788 unm
1324 2721 1411 2808 quod
1434 2739 1577 2788 serratus
1599 2739 1668 2804 est,
1689 2725 1818 2810 longius
1840 2724 1974 2792 differri

431 2819 1170 2918 SIVEI·REDIDEIQVE·HOM1NES·⁰¹⁰·
1228 2825 1352 2910 nequit.
1396 2825 1555 2891 Veterem
1589 2825 1709 2890 deinde
1742 2829 1829 2892 huno
1858 2843 1976 2914 typum
2071 2835 2072 2856 ¹

429 2927 610 3014 Egregium
635 2925 721 2990 istud
744 2923 864 2989 iactum
890 2921 1050 3007 elegantis
1075 2919 1171 3004 Itujus
1228 2927 1267 2988 1..
1287 2926 1450 3011 Aquinius
1471 2923 1591 2989 Florus
1620 2927 1680 2990 sub
1701 2929 1851 3014 Augusto
1873 2933 1975 2994 Iilrir
2071 2987 2072 2994 ,

429 3031 463 3094 iu
485 3031 534 3094 Iris
557 3029 697 3094 denariis
719 3025 872 3112 imaginis
888 3023 1016 3090 occasio
1037 3022 1170 3088 exstitit.
1229 3030 1374 3104 retexit,
1397 3047 1469 3090 oum
1487 3026 1577 3112 quod
1596 3028 1688 3112 genti
1712 3043 1799 3094 eseet
1816 3029 1977 3096 honos-iii·

430 3135 482 3197 De
500 3135 653 3210 Virtute,
681 3131 773 3218 cnjus
794 3142 968 3213 protomeu
990 3123 1073 3188 sistit
1093 3121 1173 3186 auti·
1229 3149 1306 3206 cut,
1336 3141 1403 3190 ium
1430 3127 1518 3212 quod
1539 3131 1688 3214 Augusto
1715 3131 1811 3194 utinm
1841 3147 1977 3216 poteret

433 3255 491 3318 ca,
520 3245 635 3314 agetur
661 3233 694 3294 in
720 3243 817 3314 gente
843 3229 979 3292 Dormio
1003 3239 1037 3290 et
1054 3226 1171 3289 Mucia.
1229 3229 1400 3314 adplicari,
1435 3229 1491 3312 qui
1509 3229 1580 3314 ipse
1606 3251 1736 3316 quoque
1762 3232 1910 3297 Siciliam
1933 3235 1977 3298 ui·

434 3333 594 3416 Coniunxi
613 3353 745 3395 numum
765 3345 956 3414 sequentem
972 3327 1111 3412 Augusti
1124 3347 1175 3390 ea·
1230 3346 1283 3396 eto
1308 3331 1383 3392 Sex.
1404 3331 1564 3416 Pompeio
1593 3335 1710 3400 erexit.
1754 3333 1883 3396 Eodem
1907 3357 1977 3398 mo·

434 3437 501 3522 pite
523 3433 701 3516 insignem,
722 3431 783 3492 hnc
806 3453 866 3492 una
888 3430 929 3491 de
952 3446 1066 3504 causa,
1085 3425 1173 3510 qnod
1231 3431 1274 3495 do
1299 3431 1386 3493 idem
1415 3431 1455 3498 I..
1473 3433 1592 3496 Florus
1614 3449 1711 3516 capnt
1733 3455 1865 3519 quoque
1887 3437 1978 3502 Solis

435 3533 574 3601 eundern
607 3547 744 3616 uterque
775 3529 872 3592 habet
894 3550 1027 3592 aversae
1053 3543 1174 3612 typum.
1230 3533 1370 3598 restituit
1400 3553 1442 3596 ex
1469 3553 1569 3596 numo
1598 3536 1706 3618 gentis
1734 3555 1812 3600 suae
1848 3550 1979 3612 retere,

434 3643 515 3704 Nam
542 3635 630 3722 qnod
652 3645 765 3696 censet
784 3633 1046 3714 Harercnmpua,
1079 3651 1174 3692 unum
1232 3655 1329 3720 quem
1357 3634 1428 3716 ipse
1449 3635 1692 3719 lisverssmpus
1724 3637 1865 3721 Augusti
1896 3661 1980 3702 aero

434 3742 563 3826 utrique
590 3757 662 3800 esse
693 3747 851 3810 oetatem,
881 3731 1063 3814 horumque
1090 3732 1175 3814 prio·
1232 3737 1335 3798 multo
1356 3755 1428 3799 esse
1447 3735 1663 3820 antiquiorem
1682 3757 1751 3800 non
1774 3737 1902 3804 dubitet
1925 3739 1981 3804 sd·

435 3863 506 3907 rem
527 3837 664 3926 perinde
682 3851 777 3924 etque
797 3833 973 3898 secundnm
994 3833 1175 3916 imperante
1232 3855 1357 3902 serere.

436 3949 586 4030 Augusto
625 3959 737 4004 cusum
769 3959 787 4000 u
817 3939 903 3998 Man.
940 3935 1103 4019 Aquillio,
1141 3946 1176 3996 et
1599 3973 1619 4010 0

436 4043 636 4131 1..Aquittto
664 4041 787 4116 Floro,
822 4037 879 4122 qui
905 4037 999 4098 umbo
1029 4036 1089 4098 sub
1112 4035 1175 4097 hoe
1496 4019 1516 4056 ⁸
1704 4019 1723 4058 ⁸

434 4150 529 4212 inere
552 4143 660 4208 IIIriri
695 4140 896 4216 monetales,
926 4157 967 4200 eo
994 4151 1085 4202 certe
1110 4135 1177 4200 esi·
1281 4139 1434 4224 ,Reliqui
1450 4137 1544 4220 hujus
1560 4139 1666 4224 gentis
1683 4140 1982 4228 numisL.Aquii·

438 4253 504 4313 mie
542 4247 674 4312 fallitur.
717 4243 848 4306 Etenim
890 4238 1008 4324 prioris
1045 4237 1176 4323 generis
1233 4241 1278 4304 iio
1301 4241 1568 4322 Floropercussi
1596 4255 1687 4318 sunt,
1716 4241 1889 4326 inquibus
1917 4259 1982 4308 tarn

439 4371 568 4426 omnes,
590 4361 626 4410 ut
647 4345 732 4422 dixi,
757 4357 831 4407 sunt
853 4341 979 4406 serrati.
1021 4339 1073 4402 An
1095 4361 1176 4404 vero
1233 4342 1366 4428 propria
1392 4342 1498 4424 gentis
1530 4341 1669 4416 decora,
1713 4363 1809 4428 quam
1839 4344 1984 4427 Augusti

437 4463 547 4538 potest
568 4451 620 4514 sir
642 4445 788 4510 cruditus
814 4443 868 4507 rel
890 4463 990 4516 unum
1011 4440 1179 4506 denarium
1221 4456 1303 4515 ‚tum
1340 4441 1528 4532 imperantis
1568 4441 1806 4526 ptuedicsntar.
1864 4447 1983 4510 Fuisse

438 4565 624 4638 praestare,
661 4549 716 4629 qni
743 4546 783 4608 ad
805 4543 942 4628 Augusti
971 4564 1086 4608 aevum
1107 4545 1177 4608 sine
1219 4557 1342 4622 ,antem
1371 4541 1458 4606 huuc
1487 4543 1622 4610 Florum
1653 4545 1805 4609 Ilin'rum
1837 4561 1984 4618 moneta·

475 4752 506 4816 a)
527 4755 596 4844 Peg.
610 4765 670 4816 150.
686 4763 712 4811 t.
785 4748 819 4822 b)
840 4748 950 4818 riorus,
961 4747 1038 4820 1..11.
1055 4761 1139 4846 uto.
