4180 5484
724 559 1041 649 contusum!
1067 577 1072 588 '
1587 593 1655 670 tut

244 735 401 810 Fuvsu.
425 753 460 806 et
486 741 521 808 S.
541 739 577 807 C.
603 741 658 826 (in
681 743 763 808 uliis
787 743 859 804 lsoo'
907 741 1029 808 modici
1047 741 1092 805 'bi
1121 742 1265 806 bonores
1301 739 1445 825 graviter
1481 759 1666 828 pupugere·

244 863 495 924 monogramma
513 845 633 928 abest.)
907 845 1065 924 Marium,
1098 843 1186 930 quad
1214 843 1280 906 suis
1308 841 1483 908 detraliore
1507 847 1663 916 laudibus·

105 942 264 1026 Quatuor
302 944 448 1006 corollae
479 946 615 1028 globum
653 947 851 1024 ambientes,
907 946 1115 1023 viderentur,
1141 967 1216 1010 eum
1236 967 1295 1008 suo
1314 959 1420 1010 tamon
1436 947 1581 1032 auspicio
1603 969 1657 1011 res

101 1044 193 1126 infra
212 1045 445 1120 acrostouum,
467 1057 501 1108 et
518 1049 620 1128 spica.
642 1047 712 1114 AR.
727 1047 768 1114 R.
909 1062 1000 1134 gesta
1016 1061 1119 1126 esset,
1140 1048 1357 1112 aemulatione
1376 1069 1441 1112 non
1458 1051 1561 1114 multu
1582 1065 1657 1134 post

164 1145 218 1206 Eu
245 1165 362 1208 numos
391 1167 410 1208 a
437 1145 559 1209 Fausto
589 1147 659 1212 lilio
693 1148 850 1234 signatos,
910 1149 970 1212 toti
996 1149 1137 1234 imperio
1164 1149 1265 1212 letali.
1304 1151 1542 1234 Argumentum
1570 1151 1657 1214 istud

102 1247 159 1330 qui
187 1245 260 1308 iere
281 1246 316 1307 in
341 1247 440 1330 patris
465 1247 612 1312 laudibus
642 1265 850 1334 occupantur.
910 1251 1081 1334 eleganter
1105 1271 1297 1335 expressum
1322 1252 1405 1316 sistit
1429 1251 1581 1316 denarius
1606 1274 1655 1317 se·

103 1351 209 1430 Caput
230 1347 321 1410 nurui
342 1351 366 1408 1.
388 1347 464 1410 lude
486 1371 504 1412 s
526 1349 673 1434 Seguino
700 1373 774 1416 ease
802 1355 852 1414 lu·
910 1373 1025 1438 quens.

103 1451 245 1534 gurthue
268 1449 428 1512 creditum
450 1451 497 1532 ⁸),
524 1453 634 1516 verius
657 1465 707 1517 est
726 1455 851 1518 Bocchi
972 1453 1137 1516 FEELIX
1166 1465 1200 1517 et
1229 1449 1363 1516 FELIX
1392 1465 1533 1538 uterque
1563 1456 1657 1538 prior

103 1549 279 1614 Numidiae
317 1551 427 1634 regis,
470 1551 561 1636 cujus
601 1549 853 1620 beneuolentiae
912 1553 1063 1624 denarius
1081 1553 1238 1634 inscribit,
1255 1553 1430 1619 nomen-ad
1444 1553 1568 1617 Sullam
1585 1577 1660 1640 per·

104 1653 245 1716 multum
269 1651 382 1716 debuit
407 1651 498 1718 Sulla
520 1655 554 1715 in
578 1653 668 1720 bello
693 1655 855 1741 lugurtbi·
912 1660 1029 1720 tineus.
1068 1657 1163 1718 Hunc
1189 1655 1250 1718 sibi
1273 1655 1544 1740 appellationem,
1570 1657 1670 1742 quud.

103 1777 148 1819 no
172 1756 211 1820 C.
231 1755 328 1818 ttsuii
353 1767 524 1838 quaestor,
555 1755 633 1819 dum
656 1757 719 1820 sibi
743 1761 856 1842 lugur-
912 1773 1071 1844 perpetua
1097 1756 1247 1819 omnibus
1271 1757 1305 1818 iu
1330 1757 1430 1821 rebus
1462 1779 1540 1820 usus
1573 1773 1661 1822 essct

104 1859 194 1922 thum
215 1875 366 1922 socerum
390 1879 408 1920 e
428 1858 534 1920 Murio
555 1859 692 1938 vietum,
716 1873 751 1924 et
769 1859 856 1944 apud
912 1861 1087 1936 felicitate,
1115 1859 1187 1943 ipse
1214 1857 1276 1919 sibi
1304 1857 1396 1920 dedit
1420 1872 1506 1922 teste
1534 1861 1661 1923 Plutar-

106 1979 267 2044 generum
298 1959 435 2022 salutem
466 1974 678 2044 quaerentem
712 1962 855 2026 vinctum
913 1959 977 2024 cbo
999 1957 1043 2043 d).
1075 1957 1186 2052 Quare
1212 1972 1246 2022 et
1269 1959 1416 2043 Appiano
1440 1959 1559 2023 dicitur
1582 1957 1662 2022 iuru-

107 2061 252 2126 trsdidit.
283 2063 334 2124 Eo
354 2059 482 2124 honore
503 2062 607 2125 elatus
626 2063 718 2128 Sulla
736 2067 788 2126 rei
808 2079 856 2128 to·
913 2082 1049 2156 xfsss‘l‘ll
1068 2055 1194 2140 cicietur,
1219 2057 1319 2142 ὥσπερ
1338 2083 1388 2124 saa
1407 2058 1591 2146 ὦνομαζετο,
1606 2063 1662 2146 sa-

105 2163 171 2226 tius
204 2173 317 2247 gestae
347 2163 522 2246 imaginem
558 2165 678 2229 annulo
715 2167 856 2252 insculpi
913 2165 1096 2246 licissimus
1119 2163 1309 2241 bominum,
1336 2183 1435 2244 quom
1461 2175 1495 2224 et
1518 2163 1663 2246 appello·

106 2265 222 2346 jussit,
254 2277 290 2328 ut
310 2279 420 2328 uerrut
440 2265 636 2332 Plutarchus
657 2269 799 2354 primum
821 2269 855 2332 in
912 2269 1036 2328 tionem
1060 2264 1141 2326 tulit
1164 2265 1203 2346 e).
1242 2265 1285 2326 Et
1310 2277 1447 2328 testatur
1468 2263 1594 2327 Plinius
1617 2261 1661 2346 s),

105 2365 195 2428 libro
224 2364 268 2430 de
295 2365 379 2450 reip.
407 2387 478 2451 ger.
502 2389 613 2450 praec.
641 2391 673 2454 p.
690 2369 772 2446 bob,
799 2369 856 2434 de·
912 2385 1014 2428 unum
1035 2365 1205 2427 lominum
1231 2369 1277 2428 od
1298 2369 1361 2428 lroo
1383 2371 1458 2428 aeui
1477 2367 1662 2430 FELICIS

104 2469 184 2532 inde
204 2469 239 2530 iu
256 2469 321 2534 rita
338 2468 451 2548 Marii,
474 2481 507 2532 at
524 2469 693 2535 liberalius
710 2471 745 2533 iu
764 2472 855 2536 Sulla
910 2467 978 2528 sili
1016 2485 1196 2548 cognomen
1232 2469 1419 2528 adseruisse
1451 2467 1491 2529 L.
1517 2467 1659 2532 Sullam.

106 2593 140 2656 p.
157 2574 232 2648 452.
260 2569 358 2634 Addo
378 2569 564 2647 verbatim
582 2595 654 2634 raro
677 2577 857 2658 φιλοτιμιας
911 2567 1041 2629 Numen
1064 2565 1151 2628 istud
1177 2565 1329 2650 priuatim
1352 2566 1413 2629 sibi
1438 2564 1565 2643 datam,
1588 2563 1663 2628 sub·

106 2675 280 2752 προηλθει,
315 2669 377 2748 sisa
410 2671 615 2758 «γλυψαμενος
640 2673 671 2740 ἐν
704 2668 858 2757 lustrabam
911 2667 989 2731 iuda
1015 2667 1152 2753 reliquis
1180 2669 1250 2752 ejus
1276 2668 1378 2730 titulis
1404 2667 1533 2751 publice
1560 2668 1662 2732 luisse

109 2787 209 2854 moeror
232 2765 334 2838 lausa
354 2797 412 2850 της
436 2775 589 2856 treugam,
620 2801 670 2837 sm
695 2799 792 2862 anseg
816 2801 858 2862 eya
912 2769 1056 2834 additum
1074 2771 1241 2855 Appianua
1263 2781 1377 2833 abutor
1399 2783 1465 2846 est,
1490 2789 1565 2832 cum
1583 2769 1665 2832 scri-

106 2881 266 2960 χρωμεύος
289 2873 337 2940 circ
364 2863 544 2944 iuuentus».
575 2879 610 2956 sir
640 2876 676 2942 dt
702 2877 720 2958 ἦ
749 2891 856 2968 «γραφη
912 2872 980 2950 bit,
1011 2871 1043 2936 ei
1073 2885 1208 2934 statuum
1237 2885 1424 2955 equestrem
1454 2883 1596 2934 auretam
1623 2871 1658 2931 in

106 2975 229 3063 Βοκχος
248 2999 301 3060 μιν
322 2971 527 3058 παραδιδυς,·
550 2973 684 3058 Συλλας
707 2975 744 3044 ds
763 3004 856 3062 παρα.
913 2973 1029 3036 rostris
1053 2974 1190 3056 positam
1211 2971 1275 3035 boo
1297 2973 1551 3056 epigrammates
1586 2973 1661 3034 Cor·
1777 3015 1781 3032 .

107 3083 269 3164 baudarum
295 3099 344 3142 ros
374 3081 543 3167 Imaum».
583 3082 635 3144 Eo
663 3103 857 3168 progressus
914 3075 1003 3136 nella
1028 3075 1140 3136 Sullae
1163 3077 1361 3154 imperatori
1387 3073 1492 3134 Felici
1512 3075 1555 3151 t).
1595 3071 1662 3133 Sed

107 3193 158 3246 est
180 3183 391 3262 ambitionis,
415 3195 454 3246 ut
462 3183 561 3266 sacti
578 3183 677 3262 bajus
692 3185 857 3266 sculptam
890 3188 951 3238 .et
972 3174 1097 3236 Sullam
1123 3171 1229 3236 adbuc
1253 3171 1362 3237 virum
1386 3171 1504 3234 Cicero
1520 3171 1662 3254 filicem

108 3289 145 3346 ln
164 3285 292 3348 annulo
304 3295 452 3366 gestaret
464 3286 662 3366 imaginem,
675 3304 742 3376 quo
755 3289 857 3348 etiam
915 3277 998 3339 dixit
1018 3275 1062 3356 ιι).
1090 3277 1135 3336 Et
1152 3293 1233 3339 vero
1252 3273 1299 3336 sic
1319 3285 1389 3335 erat
1407 3271 1514 3335 auimo
1532 3288 1663 3355 compe·

111 3397 306 3450 constanter
323 3387 440 3448 deinde
456 3406 538 3448 usus
556 3397 617 3449 est.
644 3387 859 3468 Exprimela-
915 3393 1004 3443 retus
1021 3378 1129 3454 Sulla,
1146 3389 1182 3439 ut
1200 3375 1361 3440 sactorum
1374 3397 1507 3438 suorum
1524 3374 1663 3460 gloriam

109 3501 165 3550 tur
192 3486 366 3568 sculptura
392 3487 547 3549 Booeltus
572 3489 725 3565 tradens,
760 3487 858 3550 Sulla
917 3501 1045 3546 omnem
1069 3491 1236 3561 acceptam
1256 3478 1401 3568 referret
1424 3477 1591 3552 lortuuue,
1618 3477 1666 3538 ni·'

110 3589 280 3670 accipiens
300 3585 509 3670 Iugurtham.
541 3587 632 3652 Idem
654 3587 760 3652 relert
782 3587 855 3656 Val.
914 3585 963 3647 bil
981 3583 1063 3660 sibi,
1089 3594 1143 3645 aut
1161 3581 1317 3658 consilio,
1342 3593 1376 3643 et
1394 3579 1483 3664 quod
1505 3577 1538 3640 iu
1562 3575 1662 3640 dede·

109 3691 273 3754 Maximus
292 3685 336 3771 ¹³).
365 3691 544 3756 Praeterea
561 3689 713 3755 Bocobua
733 3691 766 3752 in
786 3711 858 3775 gru·
915 3709 972 3754 cus
995 3697 1126 3754 vertunt
1148 3683 1222 3762 ulii,
1249 3681 1291 3746 de
1313 3681 1443 3744 lurtuns
1466 3680 1664 3764 gloriaretur

109 3793 189 3856 tiam
215 3791 326 3856 Sullae
353 3792 443 3874 signa
469 3793 624 3858 victoriae
651 3792 859 3874 (Plutarchus
918 3785 1015 3853 etiam
1036 3786 1074 3870 i).
1110 3787 1202 3851 idem
1223 3799 1259 3848 ut
1279 3784 1429 3846 fortunae
1455 3801 1491 3845 au
1514 3779 1664 3844 felicitati

110 3895 144 3956 iu
171 3895 264 3957 Sulla
292 3891 403 3968 iexosuf
422 3907 654 3976 reomensem,
681 3909 715 3958 et
736 3893 770 3956 iu
793 3897 861 3956 Ma·
917 3892 1113 3955 laustitutem
1136 3907 1267 3973 quoque
1290 3887 1448 3962 sociaret,
1472 3903 1539 3946 nun
1564 3878 1664 3944 modo

112 3997 165 4058 ¹5⁰
191 3991 294 4069 Νίκας
319 4007 532 4078 *muccosum
556 3998 714 4082 appellat)
742 3995 775 4057 in
801 3997 859 4058 Ca·
916 3996 1062 4058 Faustus
1095 3993 1193 4055 etiam
1225 4005 1276 4054 est
1306 3988 1486 4073 appellatus
1511 3983 1565 4066 k),
1603 3979 1663 4046 sed

110 4095 230 4182 pitolio
263 4095 444 4176 dedicavit,
481 4100 635 4186 juxtaque
670 4097 859 4182 Iugurtham
915 4093 1004 4160 idem
1028 4114 1158 4181 quoque
1186 4113 1306 4156 nornen
1331 4089 1463 4164 liberis,
1499 4105 1666 4171 quoseu·

111 4219 268 4276 aureum,
290 4211 326 4262 ut
344 4201 455 4266 Sullae
471 4201 511 4266 ab
532 4221 568 4266 se
586 4201 694 4264 luerat
712 4197 859 4278 traditus,
917 4197 993 4261 dem
1019 4211 1114 4282 partu
1140 4215 1223 4259 uxor
1247 4193 1382 4257 Metella
1409 4189 1529 4265 edidit,
1562 4185 1663 4250 filium

109 4313 266 4366 narrante
283 4302 370 4366 istud
388 4303 507 4372 iterum
525 4286 704 4370 Plutarcho
727 4305 768 4386 ο).
799 4303 861 4364 lm·
916 4301 1089 4376 Faustum,
1123 4297 1223 4361 liliam
1246 4289 1576 4360 Faustum'rocandu
1607 4289 1667 4352 im·

150 4623 485 4703 aiNunt.sol.p.218.
558 4625 874 4699 b)b.vss1.c.rt.t.
948 4629 978 4694 c)
1000 4625 1029 4678 in
1046 4623 1138 4680 biurio
1154 4635 1183 4680 et
1198 4621 1290 4682 Sulla.
1366 4621 1400 4692 d)
1420 4623 1449 4677 in
1467 4617 1547 4678 Sulla
1562 4626 1668 4695 puts.

111 4717 144 4784 e)
165 4713 505 4779 Bell.civ.b.l.c.105.
562 4713 823 4789 ‘nnvmeuu
892 4715 923 4788 g)
945 4712 1267 4790 Bell.cir.L.i.c.9?.
1339 4711 1665 4788 tnurottosenuer.

112 4823 139 4860 c.
153 4813 179 4867 a.
254 4803 635 4888 t>t>1uuinssrtlaumu
712 4805 745 4880 k)
765 4803 1014 4888 Appiuu.l.c.·

182 4915 276 4996 (Vol.
298 4917 356 5000 V.)
979 4965 985 4980 .
1338 4918 1366 4976 B
1390 4913 1410 4974 b
