4180 5484
822 605 1027 682 nocta.
1631 613 1702 695 261

152 765 319 837 custudise
361 771 547 856 praelectis.
596 774 772 838 Praeclare
810 773 896 837 istud
956 793 1029 835 caru
1052 771 1238 836 consulibus
1258 785 1347 836 meta
1366 773 1515 839 Caesaris
1541 779 1623 844 arbe
1649 803 1704 846 ex·

152 875 433 958 resarcinant.
458 879 775 940 Haeoomna'uadeo
792 894 899 940 matu·
956 887 1119 950 cesserat,
1160 889 1196 936 ut
1228 874 1323 958 hujus
1358 875 1510 940 insidiam
1546 897 1701 966 angeret,

152 997 188 1038 re
201 982 351 1062 perjectas
369 981 571 1062 acecpimus,
593 991 632 1040 ut
649 981 750 1062 signa
766 1000 804 1042 ea
824 983 897 1062 ipso
956 973 1087 1038 Saturni
1101 991 1195 1060 caput
1207 979 1316 1039 narnis
1330 978 1490 1054 inserere,
1507 982 1598 1065 cujus
1612 1005 1701 1046 nens·

151 1081 206 1142 dia
230 1099 253 1141 a
275 1082 507 1158 quaestoribus
528 1099 572 1143 eo·
593 1083 722 1143 aerario
744 1092 898 1165 prompta
954 1095 997 1159 pe
1020 1097 1139 1137 numen
1158 1079 1300 1158 pervim
1320 1077 1472 1142 violatam
1493 1096 1572 1144 erat.
1606 1085 1700 1148 Cora·

151 1181 328 1262 drlatuqoe
350 1185 386 1246 in
403 1203 569 1260 eampum,
591 1199 711 1260 quarm
729 1185 799 1245 diei
813 1183 896 1241 nara
954 1175 1052 1239 raude
1081 1177 1207 1252 locum,
1237 1179 1271 1240 in
1293 1199 1358 1262 quo
1382 1181 1551 1244 thesaurus
1573 1183 1626 1249 hic
1647 1207 1699 1249 re·

152 1295 435 1366 masaeacanpo
453 1287 533 1347 sint.
554 1281 693 1346 Etalibi
710 1279 761 1363 b>t
783 1284 819 1345 Is
836 1285 897 1345 im·
954 1276 1125 1352 conditas,
1169 1279 1320 1341 Lucanus
1355 1283 1499 1365 appellat
1536 1285 1699 1349 Saturnio

147 1387 244 1468 pigre
262 1389 557 1467 exereitmscrrpto
578 1407 653 1446 aum
670 1405 782 1448 ornnes
798 1396 897 1448 extra

148 1499 280 1571 portam
302 1487 464 1568 Capenam
484 1487 529 1549 ad
544 1485 673 1548 Martis
691 1489 802 1548 aedem
822 1504 897 1544 eon-

150 1591 261 1656 oens'rr
277 1603 424 1652 armatos
435 1589 586 1666 juniores
598 1588 769 1664 jussisset,
786 1589 897 1664 signa·

152 1709 214 1770 que
225 1691 337 1752 eodem
351 1701 545 1768 arraestares
557 1707 602 1750 esa
618 1691 749 1749 aerario
762 1687 897 1768 deferre.

151 1789 203 1852 Eu
238 1788 298 1852 tibi
334 1789 540 1874 perspicuam
572 1809 720 1864 causam,
762 1801 899 1871 propter

152 1911 247 1978 quam
279 1905 435 1977 quaestor
465 1891 586 1954 Nerius
619 1902 716 1970 caput
749 1889 897 1964 Saturni,

152 2005 187 2056 et
211 1993 303 2077 signa
330 1993 481 2056 militaria
505 1993 639 2056 denario
665 2011 724 2054 suo
750 1989 898 2052 inseruit.

150 2093 246 2158 Adde
264 2095 470 2178 praecipuam
488 2095 582 2156 aliam
605 2115 623 2156 a
645 2106 795 2174 tempure
817 2091 899 2174 peti·

150 2209 227 2261 um.
267 2195 320 2258 Ab
346 2197 510 2279 inscriptis
536 2193 724 2264 censalibus
751 2193 790 2256 L.
812 2193 898 2254 Len·

149 2297 240 2374 tulo,
273 2311 307 2360 et
334 2297 372 2360 G.
394 2297 554 2359 Marcello
582 2309 688 2378 patet,
727 2293 896 2358 denarium

149 2400 238 2474 laune
264 2398 423 2480 signatum
448 2419 532 2460 anno
556 2397 596 2462 V.
616 2397 653 2460 C.
675 2398 756 2478 705,
781 2415 845 2478 quo
871 2397 895 2460 l.

150 2499 274 2562 Caesar
304 2498 450 2581 pecuniis
484 2497 622 2580 publicis
652 2497 778 2558 inhians
809 2517 898 2559 aera-

150 2601 237 2662 riutn
266 2619 328 2684 per
354 2599 418 2664 situ
447 2599 580 2684 effregit
608 2599 825 2683 diripuitque,
857 2595 896 2661 1..

151 2701 290 2766 Metello
309 2701 579 2786 tribunoplebis,
603 2703 659 2786 qui
684 2723 791 2765 sacras
812 2700 896 2784 reip.

152 2821 232 2889 opes
255 2802 386 2885 objectu
408 2805 557 2887 eorporis
581 2803 668 2866 tueri
692 2814 895 2886 perrexerat,

153 2905 269 2970 uaurtis
306 2919 395 2969 ureta
429 2909 568 2968 statione
604 2905 753 2986 depulsa.
805 2905 896 2966 Haec

152 3007 346 3071 Plutarchus
362 3011 409 3088 ο),
436 3009 600 3091 Appianas
616 3003 665 3082 dt,
688 3005 895 3081 Lacaenae).

151 3109 278 3176 Placuit
300 3110 402 3196 igitar
424 3109 526 3174 Nerio
549 3101 731 3194 quaesturi,
759 3103 813 3190 qui
835 3123 898 3164 una

954 1377 1136 1462 templus).
1178 1381 1214 1441 Iu
1242 1379 1323 1444 ltaec
1350 1398 1440 1446 certa
1464 1385 1630 1472 solidaque
1652 1387 1700 1448 iu·

955 1481 1108 1564 qairere,
1150 1475 1216 1543 uua
1253 1484 1378 1546 vacant
1416 1487 1524 1552 iiviris
1561 1489 1699 1565 ansuis,

955 1579 1077 1658 creda,
1126 1583 1200 1666 quia
1243 1585 1504 1666 conjecturarum
1546 1589 1698 1666 tandum,

955 1681 1072 1766 quibas
1099 1681 1172 1746 iere
1198 1685 1272 1746 uuis
1297 1685 1559 1767 delectabantur,
1588 1711 1701 1755 esces·

955 1803 1041 1846 aere.
1087 1785 1270 1866 Supersunt
1296 1789 1506 1871 explicandae
1530 1791 1645 1856 literae
1667 1795 1700 1854 Η

956 1898 989 1946 et
1006 1885 1033 1944 P
1051 1886 1180 1949 vexillis
1203 1888 1387 1971 inscriptae.
1419 1889 1540 1953 Censet
1557 1893 1701 1958 Vaillan·

956 1983 1038 2062 tius,
1071 2007 1144 2048 cuna
1173 1989 1263 2070 legio
1288 2003 1452 2053 constaret
1476 2013 1516 2054 er
1543 1995 1700 2068 Hastatis,

955 2087 1182 2170 Principibus,
1207 2103 1242 2150 et
1264 2075 1418 2166 Triariis,
1449 2093 1481 2152 ll
1509 2109 1622 2159 natare
1646 2097 1700 2159 lta·
1725 2087 1729 2100 ⁶

955 2201 1073 2270 statos,
1096 2190 1123 2248 P
1142 2189 1325 2274 principes,
1353 2193 1492 2256 medians
1513 2215 1594 2258 vero
1613 2199 1700 2278 squi-

955 2288 1019 2352 lam
1047 2290 1187 2354 triarios·
1226 2293 1353 2360 Verum
1381 2295 1528 2358 eruditas
1555 2297 1587 2360 le
1608 2299 1701 2362 Beau

954 2391 1135 2469 existimat,
1178 2393 1236 2457 lass
1272 2393 1384 2458 literas
1418 2417 1492 2459 esse
1526 2395 1703 2484 ἀρχαιυσας

954 2493 1113 2577 praelecti
1134 2495 1311 2558 centuriae.
1341 2497 1476 2560 Causam
1499 2497 1606 2578 addit,
1627 2503 1701 2585 quia

953 2597 1031 2658 iude
1056 2595 1096 2658 ab
1121 2595 1210 2658 annis
1232 2595 1346 2659 saltem
1366 2598 1423 2676 la,
1450 2621 1491 2663 es
1517 2621 1582 2684 quo
1607 2599 1704 2666 dena·

954 2699 997 2760 rii
1022 2697 1055 2758 iri
1083 2697 1153 2762 cusi
1181 2711 1272 2775 sant,
1307 2699 1340 2760 in
1368 2698 1501 2783 legione
1526 2703 1567 2767 il.
1594 2725 1703 2788 nequo

953 2799 1119 2884 principes
1151 2801 1288 2884 amplius
1316 2799 1429 2880 luere,
1462 2824 1570 2890 neque
1599 2805 1702 2870 hasta·

953 2901 1037 2980 tie).
1065 2905 1102 2962 ln
1120 2921 1157 2962 ra
1176 2901 1260 2964 adeo
1279 2902 1403 2964 incerta
1424 2903 1623 2968 arbitrentur
1638 2908 1702 2972 alii.

955 3001 1078 3061 Eadem
1104 3019 1215 3064 aversa
1236 3016 1288 3064 est
1306 3005 1404 3064 etiarn
1427 3003 1462 3066 in
1489 3004 1624 3070 denario
1642 3009 1703 3072 l's·

956 3101 1031 3163 lerii
1047 3101 1169 3166 Flacci.

797 3401 1047 3472 d'ONIA·

212 3618 302 3680 Gen,
328 3613 468 3700 plebei„
507 3612 709 3696 cognomina
737 3615 898 3698 Sufenas,
950 3602 1036 3663 riam
1071 3601 1177 3686 gentis
1209 3603 1328 3667 Nerine
1362 3587 1403 3669 de
1434 3609 1543 3690 'capite
1569 3611 1700 3674 Saturni

151 3733 184 3784 el
204 3719 468 3804 Quinctilianua.

508 3835 527 3872 β

405 3883 423 3918 U
612 3881 631 3920 fi

152 3921 304 4008 Safinns.

873 3735 878 3749 ·
952 3702 1111 3779 diximus,
1151 3703 1248 3768 facile
1284 3706 1498 3790 persuadent,
1536 3711 1602 3774 Sex
1636 3715 1700 3776 No·

951 3804 1040 3867 niatu
1067 3807 1254 3870 Suierratenr
1282 3808 1316 3868 in
1344 3823 1518 3894 quaestura
1550 3834 1605 3878 sua
1639 3815 1699 3882 hot

951 3905 1103 3969 denarius
1140 3907 1308 3972 feriandus
1336 3931 1487 3989 curasse,
1521 3913 1583 3977 nisi
1610 3915 1696 3979 sorte

290 4001 500 4069 stttNas.
519 4003 552 4064 S.
563 4003 601 4068 C.
627 4003 734 4086 Caput
752 4003 893 4070 Saturni
950 4027 1032 4092 gens
1047 4009 1150 4071 Nouia
1164 4011 1336 4072 Saturnum
1355 4026 1496 4076 tutorem
1515 4037 1606 4078 snum
1625 4037 1698 4100 pro·

286 4107 493 4183 prominente
508 4116 595 4165 retro
612 4105 726 4186 torpa

950 4109 1036 4172 fessa
1062 4123 1121 4176 est.
1160 4113 1253 4192 Lego
1278 4111 1363 4194 apud
1386 4112 1528 4178 Doniuta
1551 4115 1601 4196 ΙΨ
1632 4121 1699 4181 SA-

148 4210 244 4274 SEX.
263 4207 467 4272 NON1.PR.
486 4207 525 4270 L.
540 4205 581 4272 V.
599 4207 635 4268 P.
655 4205 692 4268 F.
718 4209 845 4272 Mulier
860 4211 891 4272 d.
951 4211 1116 4278 l'l'llNO.
1137 4211 1238 4276 AVG.
1257 4213 1446 4280 SACRVM.
1463 4217 1501 4280 P.
1519 4217 1694 4282 NONlVS.

147 4315 297 4388 iustam,
329 4334 355 4372 s.
378 4308 567 4390 gladiolum
594 4309 720 4393 clypeis
745 4313 894 4374 insidens
951 4313 1147 4378 SABINVS.
1181 4313 1271 4376 ldem
1291 4317 1324 4376 in
1343 4332 1566 4382 aversaretus
1589 4326 1695 4404 gentis

148 4425 359 4477 coronatura
373 4413 525 4474 Victoria
534 4423 623 4474 retro
634 4423 755 4475 stante.
772 4411 842 4474 Ali.
851 4413 893 4480 tt.
951 4435 1028 4478 sune
1047 4415 1146 4478 decus
1165 4431 1338 4495 memorat,
1361 4417 1420 4480 sad
1443 4419 1476 4480 ia
1499 4421 1697 4506 epigraphes

207 4516 274 4588 Ea,
317 4533 400 4598 quae
432 4511 471 4574 ad
509 4511 763 4598 praecedentem
796 4514 893 4578 dena·
950 4518 1093 4582 lectione
1112 4519 1296 4604 discrepant
1316 4520 1447 4586 eruditi.
1474 4523 1606 4607 Legunt
1623 4527 1694 4590 aliit

182 4741 423 4816 a)L.lll.c.69.
512 4739 773 4813 minturnas.
864 4747 894 4810 u)
914 4743 1082 4801 incursare
1099 4765 1178 4824 pan.
1193 4757 1256 4809 725·
1345 4747 1379 4822 d)
1399 4748 1431 4808 Β.
1446 4751 1479 4808 C.
1496 4749 1574 4810 t..11.
1592 4761 1747 4828 ΜΞΝ

150 4833 405 4905 e)1..111,e.11r,.
481 4829 585 4904 Dic.
660 4833 692 4906 g)
713 4829 1083 4910 u.1..'r.mv.p.295.
1157 4835 1192 4908 h)
1215 4837 1482 4914 insecutura.
