4184 5500
404 531 478 598 no,
963 503 1412 614 rnonnoounnn

404 679 773 766 tentumrertituuntsr‚
792 675 847 746 vei
863 674 1038 764 singularia
1052 697 1148 764 quee-
1176 661 1180 672 ’
1206 675 1366 748 Videmus
1388 670 1493 753 enin.
1522 692 1643 740 eorum·
1661 695 1860 756 numerum
1890 679 1961 740 etri*

404 787 480 854 tiam
517 784 603 852 frete
640 783 677 846 in
710 778 902 846 memorien
931 793 1146 858 renouentur,
1205 777 1320 858 lente,
1344 776 1466 868 sensint
1498 789 1606 844 temen
1637 780 1770 866 angeri,
1803 793 1839 845 et
1864 779 1954 844 hand

404 888 573 976 pertinent
597 883 687 950 numi
720 903 834 949 omnes
865 880 976 961 aurei,
1014 894 1050 946 et
1077 881 1149 968 pie·
1205 877 1303 944 dubie
1323 879 1511 965 cumplures
1525 880 1564 944 in
1579 882 1676 948 variis
1696 881 1816 946 mneeis
1830 883 1946 958 letent,

406 991 501 1075 rique
534 991 638 1054 aenei.
681 985 778 1050 Numi
808 983 952 1050 restituti
984 982 1055 1047 diei
1079 1003 1145 1046 non
1204 980 1263 1044 sed
1290 980 1528 1066 nobieignoti.
1567 985 1615 1048 11..
1633 983 1771 1046 Nullum
1790 983 1949 1048 habemus

406 1105 560 1177 possunt,
599 1089 673 1176 qnia
702 1088 790 1152 inter
819 1087 880 1149 hos
911 1083 1148 1166 etveruhetyps
1204 1105 1224 1146 a
1243 1083 1383 1166 Trajeno
1405 1084 1591 1152 restitutum
1614 1105 1749 1148 aureum
1775 1085 1844 1150 aire
1872 1104 1950 1149 eon·

405 1193 549 1259 notabile
567 1189 746 1256 discrimen
764 1171 833 1253 eisie
854 1198 999 1268 spectate
1021 1184 1148 1270 epigre»
1204 1184 1366 1261 eulurem,
1392 1185 1460 1250 eire
1486 1184 1648 1260 sentiliae,
1677 1185 1732 1270 qui
1755 1199 1864 1250 tamen
1888 1187 1948 1249 irn-

404 1296 489 1382 phe,
521 1294 590 1358 sire
625 1291 716 1375 typis
734 1286 912 1352 intercedit·
939 1299 973 1350 et
999 1306 1148 1348 nonnun-
1203 1285 1385 1369 peratorioe
1404 1285 1645 1350 restitutionum
1659 1306 1775 1350 numoe
1791 1286 1947 1373 frequen·

405 1415 502 1481 quem
529 1390 617 1456 eliud
644 1392 741 1454 etiam
770 1387 949 1452 metallmn.
998 1385 1145 1450 Eosusm
1202 1399 1253 1450 tes
1287 1407 1332 1450 ex
1357 1407 1441 1450 auro
1468 1386 1638 1452 feriendos
1675 1387 1818 1455 eumin,
1870 1393 1945 1454 Mea

403 1496 574 1561 restitutor
606 1505 701 1576 typue
728 1489 840 1556 rideas
867 1510 897 1556 r.
923 1508 953 1554 e.
980 1485 1015 1550 in
1044 1507 1145 1552 aureo
1202 1489 1304 1572 igitur
1318 1489 1530 1570 conjectura,
1548 1501 1652 1552 utente
1668 1509 1741 1573 rep.
1756 1509 1874 1554 numos
1891 1513 1945 1554 au·

406 1594 535 1658 Tiberii
558 1592 684 1677 primo,
715 1592 861 1678 aliisque.
905 1589 1146 1672 inuenitis-ur·
1201 1609 1279 1653 reos
1302 1609 1398 1653 eueoe
1421 1608 1488 1650 non
1514 1589 1634 1666 inisse,
1668 1610 1764 1674 quarn
1786 1594 1944 1677 proposui

404 1697 543 1779 ehetypa
568 1695 667 1778 plane
687 1692 933 1766 desiderentur,
962 1703 998 1752 ut
1018 1687 1059 1752 in·
1076 1689 1147 1774 ple·
1204 1691 1358 1756 sectione
1378 1691 1402 1756 1.
1426 1711 1496 1776 eap.
1510 1693 1596 1768 1v.‚.
1611 1690 1675 1755 hoc
1701 1691 1835 1756 defectu
1861 1693 1943 1755 urul-

404 1799 516 1884 rieque
547 1798 680 1874 aureie‚.
700 1807 735 1858 et
760 1793 938 1859 verisimile
966 1807 1041 1869 est,.
1064 1811 1146 1853 nun·
1202 1807 1272 1857 tum
1311 1794 1441 1860 videtur
1483 1791 1680 1858 confirmari.
1737 1795 1827 1862 Nam,
1863 1815 1944 1879 quae

352 1901 354 1908 ⁴
405 1921 501 1987 qnam
528 1897 707 1974 exstitisse,
738 1909 774 1959 et
798 1896 1000 1980 excogitatos
1027 1915 1051 1956 a
1068 1895 1147 1954 Tra·
1203 1909 1293 1960 esset
1320 1916 1415 1962 cauea
1445 1915 1505 1962 our
1534 1894 1563 1956 ie
1594 1893 1804 1958 reatituendie
1837 1895 1945 1958 aureis

403 2001 480 2086 juno
507 1999 625 2064 horum
646 2011 952 2082 tppoanumorunr,
985 2014 1147 2080 quaecun-
1202 1995 1426 2060 consularibus
1435 1995 1635 2063 abstineret?
1661 1993 1947 2089 Quodrestitnern

405 2123 470 2190 que
488 2100 575 2166 eset
592 2120 687 2165 eausa
706 2100 860 2164 suaserit..
897 2096 1025 2176 Eodem
1047 2094 1145 2159 motio
1202 2097 1252 2160 siis
1266 2097 1349 2180 reip.
1367 2096 1477 2160 aeneis
1503 2095 1681 2176 abstinuit,.
1702 2119 1831 2164 camum
1854 2111 1946 2183 puto,

405 2203 633 2268 Trebonianos
674 2219 803 2284 quoque
846 2198 1049 2280 (Gallienum
1089 2193 1146 2258 alii
1202 2197 1290 2284 quod
1317 2197 1364 2260 hi·
1377 2197 1490 2275 tritor,
1522 2210 1556 2262 et
1579 2197 1681 2264 ouirie
1708 2197 1851 2283 ponderi
1870 2221 1947 2286 pro·

403 2307 532 2389 putant)
548 2300 1052 2388 praecedentium.euguetorum
1073 2315 1149 2360 eon
1205 2299 1295 2386 prios
1327 2297 1473 2364 habuere
1503 2311 1616 2384 typos,
1655 2319 1738 2384 quos
1767 2303 1946 2368 restituere

405 2407 607 2472 terrationes
626 2404 786 2480 restituit,
807 2399 993 2480 retinere„
1007 2411 1062 2462 sut
1077 2419 1148 2464 oen·
1206 2421 1308 2486 opere
1324 2402 1467 2485 pretium
1486 2419 1553 2463 non
1572 2399 1754 2471 ridebatur.
1790 2405 1846 2470 nt
1862 2405 1945 2470 cum

405 2521 439 2570 te
460 2507 501 2570 sd
522 2504 772 2588 archetyporum
799 2503 932 2567 modum
958 2522 1072 2586 parunt
1093 2521 1149 2564 exe
1204 2499 1313 2565 nullus
1346 2503 1512 2567 haetenus.
1537 2515 1690 2586 repertus
1727 2503 1769 2568 sit
1800 2507 1944 2573 familiae

406 2619 476 2671 aeta
505 2604 650 2670 ratione..
696 2607 802 2668 Nemo
837 2625 926 2668 vero
955 2604 1055 2668 velim
1085 2601 1147 2664 sihi
1205 2603 1382 2688 cujuspiam
1406 2625 1524 2669 numus
1541 2605 1730 2684 restitutus,
1762 2609 1854 2692 cujus
1878 2629 1945 2672 non

359 2755 361 2761 -
406 2705 627 2794 persuadeat..
647 2725 822 2770 aureorum
850 2707 956 2792 prime
984 2703 1170 2787 exemplu·
1206 2705 1302 2769 etism
1315 2707 1515 2791 archetypon
1532 2719 1781 2793 exstet,.parum
1793 2709 1859 2794 jam
1873 2711 1946 2796 spei

406 2811 455 2874 nia
478 2807 630 2895 periise,.
658 2819 696 2871 et
714 2805 803 2892 quod
828 2805 995 2891 requitur,
1029 2825 1147 2870 eureos
1204 2807 1370 2892 refulget,
1400 2808 1474 2873 iore
1496 2822 1532 2871 ut
1555 2807 1750 2876 familiarum
1773 2811 1879 2876 series
1898 2812 1947 2894 jn·

407 2910 563 2997 perinde,
592 2922 689 2995 atque
713 2922 889 2994 argenteos
913 2925 1010 2994 pesae
1034 2907 1069 2970 in
1090 2927 1149 2968 nu·
1205 2909 1414 2994 stieemplius
1431 2909 1672 2986 accessionibus
1684 2912 1788 2995 pessit
1802 2912 1948 2999 loeuple-

408 3035 535 3079 merum
568 3013 794 3078 restitutorum
831 3031 971 3074 numero
1010 3007 1147 3089 haberi-3
1205 3012 1279 3076 tasi.
1312 3012 1368 3079 lv.
1385 3013 1437 3074 Ex
1453 3011 1548 3075 omni.
1560 3013 1690 3096 agmine
1710 3035 1883 3079 numerum
1904 3017 1948 3078 ia·

408 3139 482 3182 naen
499 3118 571 3202 quis
594 3115 725 3192 eredat,
746 3133 864 3178 aureos
886 3133 927 3175 eo
945 3109 1046 3176 iniere
1064 3111 1150 3190 fato«,
1205 3113 1391 3192 miliarum„
1413 3135 1495 3199 qnos
1515 3113 1641 3176 Goltzii
1658 3115 1874 3182 ubertaseibi
1892 3119 1948 3180 nni

409 3233 445 3282 ut
461 3219 646 3303 primaevae
672 3234 787 3279 eorum
813 3217 939 3280 formae
961 3214 1150 3290 interirent,
1206 3217 1356 3300 cognitos
1369 3217 1403 3278 in
1421 3216 1566 3299 apricum
1584 3217 1739 3299 protulit,
1768 3219 1879 3282 nullus
1899 3233 1950 3282 est

410 3318 539 3406 quando
581 3331 813 3398 argenteorum
856 3317 1017 3392 omnium,
1059 3327 1155 3398 quot·
1206 3338 1323 3380 nnmns
1356 3317 1524 3380 restitutos
1556 3318 1651 3382 nobie
1685 3339 1752 3384 non
1779 3321 1950 3405 cognitns3

410 3433 490 3506 quot
510 3418 670 3482 haetenus
687 3418 773 3482 nanti
795 3438 922 3496 eumue,
955 3427 1082 3481 exstant
1102 3435 1153 3478 sn·
1207 3417 1317 3482 nullus
1349 3417 1444 3482 etium
1479 3419 1636 3484 haetenus
1666 3422 1803 3486 emersit
1832 3443 1950 3486 numus

410 3519 576 3604 ohetppri.
1206 3518 1394 3598 restitutus,
1426 3521 1517 3606 e'ujus
1541 3520 1742 3607 archetypon
1767 3525 1857 3590 solus
1881 3524 1954 3588 the·

291 3647 305 3672 0
440 3623 565 3712 'Haeo
578 3622 621 3685 de
634 3620 876 3686 restitutionum
889 3617 994 3684 nnnfre
1010 3631 1064 3682 eut
1081 3637 1153 3683 oen-
1209 3641 1331 3686 eeurus.
1361 3622 1554 3687 Gultaisnns
1600 3625 1780 3692 eusiieeret.
1830 3627 1952 3690 Uim

410 3738 462 3804 te,
497 3737 554 3788 ent
587 3723 794 3802 verisimilia,
830 3739 885 3788 aut
916 3725 1058 3797 incerte,
1098 3731 1154 3782 eut
1208 3721 1295 3786 istud
1311 3723 1487 3803 rideatur,v
1506 3725 1566 3790 sed
1582 3737 1881 3810 tarnenposrurnns
1898 3749 1953 3794 re-

409 3830 508 3913 plene
542 3825 653 3910 ignota
696 3825 839 3909 reperio.
891 3823 990 3887 Addo
1026 3835 1153 3907 postre-
1208 3845 1424 3890 numeroram
1443 3825 1602 3895 divinare.
1643 3827 1953 3912 retegentem

411 3950 503 3992 nenne
531 3947 649 4012 paneas
681 3939 814 3991 tentum·
845 3925 1152 3990 animadversiones·
1210 3925 1339 3990 uitam
1367 3927 1509 3994 animum
1528 3949 1596 3992 non
1621 3930 1809 4009 reflexerit,
1838 3931 1952 3999 arebe-

412 4031 437 4091 1.
461 4029 543 4094 Cum
573 4028 731 4112 Troianus
771 4028 982 4094 obscurarum
1018 4026 1153 4090 femiiia·
1209 4041 1285 4114 type
1304 4047 1562 4114 veru-nunquam
1577 4031 1648 4114 ipse
1663 4033 1785 4116 poterit
1800 4033 1953 4118 suppedi-

409 4151 484 4195 rum
503 4149 620 4217 numos
641 4131 849 4210 restituerit‚.
871 4129 1064 4195 etlinbrise
1084 4148 1151 4192 otn-
1208 4143 1298 4208 tare,
1329 4129 1417 4216 quod
1439 4131 1529 4196 numi
1557 4131 1597 4196 eb
1621 4153 1663 4196 eo
1688 4135 1760 4197 eolo
1793 4133 1952 4200 haetenus

411 4235 490 4298 nino
505 4247 592 4313 tres,
613 4233 793 4301 verisimile
813 4246 882 4307 eet,
903 4230 951 4296 eb1
961 4251 1008 4294 ea·
1019 4230 1159 4312 illerum¹
1208 4234 1376 4316 conspecti
1391 4231 1463 4296 fere
1480 4233 1521 4300 esi
1537 4255 1636 4298 unum
1653 4255 1767 4301 omnes
1783 4235 1816 4298 in
1829 4235 1951 4304 iiutitiie

412 4338 608 4422 plerosque,
641 4349 675 4400 et
700 4334 788 4400 forte
817 4353 930 4398 omnes
962 4333 1151 4411 restitutos,
1208 4345 1285 4400 sunt
1300 4331 1452 4400 habendi.

414 4435 473 4502 sed
505 4456 587 4522 quos
620 4435 778 4502 haetenus
808 4435 923 4504 ridere
951 4455 1018 4502 non
1047 4433 1158 4500 licuit..

956 4658 1387 4688 r*-
