4180 5484
412 575 486 654 210
874 611 877 628 .
972 669 975 674 Ι
1035 555 1331 631 enomere.

409 725 494 792 olitis
515 725 651 812 patriam
672 720 824 808 respicit,
853 734 888 786 et
913 721 1039 807 reperit
1066 722 1156 786 deni·
1212 737 1327 790 tecue:
1351 727 1523 790 buteonem
1544 725 1634 792 hunc
1654 727 1826 810 appellent
1845 731 1969 794 Rome-

409 849 472 913 que
494 829 530 891 C.
546 827 682 889 Fabium
703 819 924 910 cognomento
942 823 1153 902 Hadrianum,
1212 832 1265 904 ni,
1284 829 1430 911 familia
1457 832 1562 891 etiem
1586 849 1631 892 ee
1654 851 1693 892 eo
1714 835 1967 915 cognominata,

408 930 464 1014 qni
500 931 542 996 V.
571 931 607 993 C.
638 927 700 1010 i›7o
737 951 755 992 s
792 927 895 990 Cinna
931 939 965 988 et
1002 926 1153 990 Carbone
1211 949 1287 990 cum
1316 949 1474 1014 prospero
1508 932 1661 1012 euspicio
1691 934 1729 993 in
1759 934 1859 994 aucis
1886 938 1970 996 navi

408 1053 474 1094 eos.
500 1045 715 1114 propraetore
736 1027 770 1089 in
789 1027 935 1090 Africam
956 1027 1070 1092 misens
1093 1043 1154 1104 est,
1210 1031 1358 1091 sedisset.
1395 1031 1480 1090 Sene
1501 1023 1731 1094 buteonem.in
1747 1031 1799 1093 tris
1817 1031 1965 1096 denariis

407 1143 445 1199 ut
466 1131 639 1194 Metellum
661 1129 775 1206 Pium,
805 1129 861 1212 qui
888 1149 959 1192 eam
984 1142 1052 1192 turn
1071 1147 1154 1224 ,pro-
1211 1127 1344 1212 agnovit
1362 1130 1518 1209 Vrsinus,
1540 1131 1675 1215 jurene,
1696 1153 1737 1195 nn
1755 1133 1891 1217 injuria,
1910 1157 1965 1197 sn-

407 1233 546 1298 tincism
582 1229 765 1306 obtinebat,
801 1229 958 1312 ejiceret,
997 1229 1086 1313 qnod
1120 1243 1155 1296 et
1212 1247 1331 1314 cupum
1349 1247 1419 1296 esto
1437 1230 1611 1314 judicium,
1629 1253 1738 1316 neque
1759 1235 1854 1298 lubet
1871 1235 1907 1296 in
1924 1257 1964 1298 re

301 1353 309 1366 ·
404 1334 577 1417 praestitit.
614 1333 658 1392 At
686 1351 762 1394 eum
787 1329 941 1413 oppidani
964 1331 1153 1408 Vticenses,
1211 1315 1362 1414 ambigue
1386 1345 1419 1394 et
1441 1333 1536 1396 exilis
1561 1337 1719 1398 momenti
1744 1355 1846 1412 noves
1868 1349 1963 1400 rete·

407 1433 495 1519 quod
519 1431 652 1500 sordido
675 1430 715 1493 nb
735 1449 776 1493 eo
798 1430 938 1514 imperio
958 1445 993 1494 et
1012 1431 1170 1494 incredi»
1211 1432 1525 1515 ribusconjeeturns
1545 1434 1679 1502 addere.
1709 1436 1865 1499 Ceterum
1890 1438 1966 1502 lite·

406 1535 468 1598 bili
494 1533 628 1597 saevitia
651 1545 865 1610 vexarentur,
900 1533 1065 1616 congestis
1088 1554 1155 1594 sar·
1210 1555 1263 1598 ras
1286 1535 1359 1599 EX.
1377 1535 1416 1600 A.
1435 1537 1504 1604 ΡΥ.
1530 1535 1618 1598 idem
1641 1537 1847 1620 significare,
1872 1538 1963 1623 qnod

408 1636 527 1700 mentis
555 1632 761 1716 incensisque
796 1653 871 1696 cnm
908 1635 998 1702 omni
1033 1633 1155 1698 familia
1210 1634 1244 1696 in
1267 1634 1379 1699 Sentio
1399 1635 1501 1704 Atto.
1520 1639 1638 1716 PVB.,
1664 1638 1799 1702 dubium
1824 1660 1893 1702 non
1917 1641 1963 1704 ti-

408 1741 520 1804 vivum
557 1755 712 1806 exussere
746 1735 839 1798 nulla
878 1749 989 1800 secuta
1020 1749 1154 1802 seoetus
1211 1733 1317 1799 detur.

407 1839 700 1907 animadversione.
744 1835 798 1898 Ad
830 1836 918 1901 buno
952 1858 1027 1902 oum
1061 1856 1156 1921 prae·
1184 1899 1192 1912 ,
1575 1875 1595 1912 .

407 1957 519 2006 sentes
547 1939 699 2004 denarios
725 1937 850 2018 refert,
878 1939 990 2004 literne
1017 1939 1089 2004 Ex.
1110 1940 1153 2000 A.
1469 1921 1491 1960 ¹¹
1677 1926 1699 1960 ¹

406 2047 477 2114 Pv.
494 2065 561 2108 non
580 2044 831 2124 interpretatur,
854 2040 982 2118 otalii,
1003 2041 1073 2108 EX.
1093 2041 1155 2100 Δν-
1356 2039 1464 2122 Caput
1483 2043 1636 2107 Palladis
1650 2043 1799 2122 alatum,
1814 2065 1904 2125 ponc
1919 2045 1960 2104 X.

402 2159 504 2229 gente
536 2145 702 2220 PVblico,
742 2143 802 2206 sed
826 2141 905 2214 EX.
941 2141 1154 2204 Auctoritcte
1211 2137 1354 2204 (tm.
1370 2141 1411 2203 R.
1430 2139 1473 2234 Q.
1489 2145 1534 2204 Μ.
1561 2147 1712 2206 Victoria
1728 2147 1766 2207 in
1783 2149 1959 2225 ortisque-

404 2249 577 2324 PVblt'ca,
595 2264 714 2328 nempe
729 2243 839 2308 delete
855 2266 874 2306 u
890 2240 1094 2318 oonsulibus,
1119 2253 1153 2302 et
1210 2242 1333 2322 drigis,
1355 2243 1447 2322 infra
1464 2243 1605 2316 ROMA.
1626 2245 1697 2310 AR.
1713 2246 1784 2310 RR.

405 2369 448 2414 „0
477 2347 555 2432 quid
584 2345 768 2423 discordet,
791 2359 896 2429 caput
921 2343 1073 2408 turritum
1101 2341 1151 2403 iili
1270 2343 1367 2406 Hunc
1386 2342 1558 2408 denarium
1578 2345 1642 2409 boc
1663 2347 1738 2409 ioco
1756 2365 1959 2410 commemo-

405 2463 457 2513 est
481 2449 543 2513 des
566 2449 743 2524 eoelestis„
768 2467 884 2531 magns
904 2445 1067 2528 reiigione
1088 2464 1150 2528 per
1207 2463 1263 2520 ro„
1289 2456 1324 2506 ut
1339 2443 1381 2506 sit
1394 2445 1507 2530 aliquo
1523 2447 1617 2525 loco,
1638 2470 1712 2512 nem
1729 2447 1849 2512 literne
1868 2449 1957 2511 GP.

405 2571 478 2614 eam
520 2547 651 2613 Africae
693 2561 820 2631 partem
863 2546 1043 2617 obterente.
1097 2548 1149 2608 En
1207 2565 1273 2608 non
1297 2545 1693 2625 eolumCuiusFabius,
1720 2549 1838 2613 sedet
1861 2549 1959 2612 aliter

407 2650 517 2734 quanti
535 2651 625 2710 nisus
642 2648 682 2712 sd
697 2649 778 2712 nibil
793 2649 936 2732 deniqne
951 2647 1058 2710 solide
1075 2668 1150 2728 pro·
1207 2645 1277 2730 legi
1296 2660 1447 2730 possunt,
1467 2661 1502 2712 ut
1519 2663 1554 2712 et
1571 2650 1686 2715 literae
1705 2664 1884 2733 soquentes
1904 2673 1959 2714 ra-

405 2750 564 2816 bendum!
598 2751 633 2812 si
656 2749 723 2812 uvis
746 2747 846 2814 buteo
874 2763 978 2827 esset,
1004 2749 1094 2812 numi
1117 2749 1151 2810 bi
1209 2750 1258 2812 rie
1278 2761 1412 2832 possunt
1427 2749 1567 2832 expleri.
1591 2751 1658 2812 Sed
1673 2773 1889 2838 quaecunque
1906 2753 1957 2816 tris

403 2853 525 2918 referri
560 2863 696 2936 possent
730 2851 770 2913 sd
802 2851 938 2916 Fabium
973 2851 1150 2936 quendem,
1208 2865 1323 2934 gentes
1341 2849 1542 2927 indicentur,
1561 2852 1712 2916 videntur
1730 2875 1803 2916 ease
1824 2857 1955 2916 nornine
2082 2891 2083 2895 =

404 2953 586 3018 Buteonem
608 2953 814 3036 cognomine.
852 2953 996 3031 Plinius,
1024 2953 1080 3016 nbi
1100 2971 1152 3016 ac·
1207 2953 1398 3014 Illvirornm
1417 2953 1637 3018 moneteiium.
1661 2953 1746 3024 Vide
1763 2957 1955 3020 similemin
2081 2953 2082 2973 ¹

398 3057 557 3142 ,cipitrum
577 3075 703 3142 genera
723 3055 829 3122 refert
851 3057 896 3140 ¹),
925 3054 1071 3126 haecde
1093 3053 1151 3124 bc·
1208 3053 1331 3122 Marcio
1346 3051 1488 3122 Libone.

822 3473 826 3480 ,
957 3388 1395 3467 FABRICIA.

464 3587 559 3650 Gens
585 3583 725 3670 plebeis.
767 3585 959 3668 cognomen
987 3585 1021 3647 in
1049 3603 1148 3646 numo
1205 3585 1348 3646 ΑΤΕυ
1367 3583 1523 3661 ntudeo,
1549 3584 1612 3646 nisi
1635 3581 1678 3646 de
1698 3583 1788 3648 nemi
1809 3585 1955 3652 verta».

405 3693 585 3765 Paternus,
604 3688 630 3750 si
650 3687 732 3750 fides
748 3685 938 3764 Vaiiinntio,
956 3699 992 3750 nt
1011 3685 1148 3752 dicetur.
1205 3687 1284 3752 tiani
1308 3686 1494 3770 integritate
1515 3686 1598 3750 certi
1617 3705 1744 3761 sumus,
1769 3706 1878 3770 neque
1899 3707 1955 3750 eo-

545 3791 585 3856 1..
607 3791 794 3856 FnBffict.
825 3793 1022 3872 descriptum
1041 3788 1150 3852 tabel-
1207 3787 1452 3874 gnomen-istud
1468 3799 1595 3849 certum
1613 3799 1780 3870 praestare
1797 3787 1905 3850 licent.

546 3893 615 3971 lae,
637 3913 737 3975 supro
755 3893 822 3954 ΡΗ.
1264 3888 1370 3984 -Quod
1391 3888 1433 3952 sd
1458 3901 1610 3971 typorum
1633 3887 1887 3970 expliostionenr
1906 3903 1954 3952 et-

396 3997 521 4059 1³an
536 4031 576 4044 -·
604 3995 752 4077 Serpens.
779 3995 906 4060 dextr.
1195 3991 1305 4067 tinet,
1335 3989 1439 4053 refert
1461 3991 1527 4054 Dio
1554 3993 1603 4072 ὕ),
1638 4008 1723 4052 enno
1752 3989 1794 4056 V.
1819 3990 1856 4054 C.
1887 3992 1951 4064 bna

461 4101 512 4160 -Ita
530 4119 662 4160 numum
680 4097 834 4180 proponit
851 4094 1045 4170 Moreilins,
1065 4107 1097 4157 et
1114 4094 1148 4156 in
1195 4107 1340 4180 pontem
1368 4090 1552 4175 lapideum,
1582 4091 1644 4176 qui
1671 4091 1704 4152 in
1731 4089 1870 4156 insulam
1897 4094 1955 4156 'Pi-

404 4201 626 4264 similisltero
642 4199 835 4266 Vnillantius
855 4199 938 4283 legit
958 4196 1057 4281 plene
1077 4197 1151 4258 Pe'
1194 4195 1353 4261 ⁴berinasn
1389 4192 1541 4271 duceret,
1584 4207 1803 4271 exstructum,
1838 4194 1955 4257 Fabri-

404 4303 598 4378 'PEliNVS,
621 4317 716 4386 atque
736 4301 821 4363 istud
841 4302 942 4364 inisse
963 4317 1146 4383 cognomen
1199 4299 1357 4383 cinmque
1381 4296 1503 4360 dictum
1525 4315 1610 4361 esse.
1641 4295 1732 4358 Idem
1751 4309 1889 4380 testetur
1905 4298 1956 4358 in·

405 4403 556 4468 Fabricio
580 4403 717 4468 adserit.
742 4401 865 4466 Similis
886 4403 1092 4468 nliusexstst
1113 4399 1147 4460 in
1205 4401 1339 4484 scriptio
1363 4401 1395 4460 in
1421 4413 1562 4484 utroque
1584 4399 1692 4480 pontis
1714 4399 1820 4462 intere
1839 4399 1956 4462 bodie·

403 4525 518 4568 mnseo
537 4505 720 4567 Pembrocb
744 4501 794 4588 ¹³),
822 4503 881 4568 sed
904 4503 938 4566 in
961 4503 1065 4568 anties
1090 4502 1146 4565 de·
1204 4523 1268 4586 qne
1301 4517 1450 4578 exstans,
1492 4521 1588 4586 quem
1626 4503 1861 4565 correctiorem
1903 4505 1953 4568 sic

405 4621 479 4670 sunt
508 4605 622 4670 literae
644 4607 718 4684 PR,
743 4607 777 4668 in
802 4627 915 4672 eversu
938 4605 1078 4689 legitur:
1107 4607 1145 4670 P.
1204 4605 1359 4688 proponit
1372 4603 1546 4668 Fabrettns
1567 4601 1618 4684 d)=
1643 4603 1685 4667 L.
1704 4603 1951 4670 Fenntctt'e

397 4723 1944 4759 mm

441 4800 647 4874 ·)1..x.§.9.
720 4799 1042 4874 b)Psrt.111.tsb.19.
1103 4796 1451 4871 .e)1..xxxtt11.c.a⁵.
1525 4795 1560 4868 d)
1580 4795 1715 4872 inscript
1728 4805 1837 4871 peto
