4254 5494
794 533 1070 638 sonuum.
1281 541 1286 548 ’
1631 593 1700 660 2..

296 727 460 798 VARRO.
483 730 618 825 PROQ.
653 731 760 818 Caput
782 735 900 798 barba·
958 735 1026 799 CN.
1041 733 1237 802 MAGNVS.
1254 729 1344 801 lMP.
1366 731 1550 820 Imperator
1563 744 1708 822 palude-¹

296 849 365 897 tum
387 836 612 898 diadematum
630 839 740 898 instar
755 841 900 902 termini.
958 851 1013 902 tus
1042 857 1060 900 e
1089 838 1168 898 navi
1191 837 1362 918 egrediens
1386 840 1534 920 palmam
1562 847 1711 928 accipit.

156 935 292 1000 MAGN.
310 935 498 1001 Paucos,
527 937 659 1018 Aquila
676 948 710 1000 et
727 937 902 1020 delphinus
958 957 1057 1020 quam
1084 940 1296 1025 eisteredeas
1321 939 1494 1005 muliebris
1519 943 1704 1026 Hispaniae

154 1041 261 1106 medio
278 1041 368 1102 inter
384 1037 446 1102 isos
462 1049 589 1122 seeptro
608 1051 727 1103 erecto.
750 1039 821 1106 AR.
837 1040 878 1102 tt.
956 1041 1079 1124 genius
1097 1031 1162 1100 duo
1179 1039 1313 1116 iacula,
1337 1052 1371 1102 et
1390 1040 1577 1123 elypeoium
1594 1057 1707 1111 rotun·

294 1137 490 1208 MAGNVS.
527 1139 634 1222 Caput
657 1139 818 1205 muliebre
837 1141 902 1204 els-
958 1141 1035 1202 dum
1052 1152 1192 1222 gestans
1210 1140 1316 1224 effert.
1338 1141 1409 1206 AR.
1426 1142 1468 1208 tt.

293 1241 417 1324 planti
429 1244 563 1305 exuuiis
577 1253 700 1326 testum
714 1241 836 1305 lituum
850 1247 908 1306 ira·
1100 1241 1166 1305 CN.
1176 1241 1369 1308 MAGNVS.
1382 1244 1469 1309 tote.
1492 1244 1600 1326 Caput
1612 1251 1711 1312 Pom··

298 1355 350 1405 tor
363 1355 398 1406 st
414 1363 557 1419 urceum,
570 1346 684 1405 omniu
702 1343 796 1406 satra
813 1362 905 1406 eoro-
1098 1343 1166 1423 peji
1184 1341 1236 1402 M.
1256 1347 1390 1406 nudam.

299 1465 385 1508 nam.
960 1444 1178 1507 U.M1NAT.
1200 1444 1490 1541 SABINJRQ.
1523 1449 1709 1532 Imperator

154 1543 344 1610 PROCOS.
381 1547 552 1629 Pompeius
581 1551 616 1608 ia
645 1548 818 1626 quadrigis
847 1547 904 1634 ad·
956 1545 1243 1626 paludatusnaoi
1265 1567 1417 1629 egressus
1441 1552 1711 1632 deuteromium

156 1663 270 1711 stante
296 1651 459 1710 Victoria.
498 1648 572 1716 AV.
600 1647 716 1728 (casn.
739 1647 904 1729 d'Eunsry
958 1651 1013 1729 git
1027 1665 1102 1708 aum
1115 1647 1255 1708 muliere
1269 1651 1393 1710 turrita
1408 1671 1435 1711 s.
1450 1649 1582 1715 ltastam
1597 1667 1713 1718 tenen-

156 1771 189 1832 p.
205 1751 289 1833 195.)
311 1749 442 1810 RRRR.
839 1773 844 1782 ·
962 1759 1022 1822 te,¹
1038 1765 1100 1826 pro
1126 1746 1220 1821 cujas
1242 1749 1382 1826 pedibas
1409 1762 1517 1814 struas
1542 1775 1708 1818 armorum

222 1851 378 1924 Omnium
396 1848 602 1914 confessione
621 1849 713 1911 numi
732 1849 766 1911 hi
787 1849 905 1934 signati
965 1847 1234 1930 Hispanicorum.
1256 1847 1326 1912 An.
1347 1849 1417 1914 RB.

159 1967 234 2016 suut
259 1968 343 2030 tum,
366 1973 441 2016 eum
459 1951 637 2036 Pompejus
656 1950 748 2016 hello
769 1949 911 2032 praelo·
1029 1947 1129 2012 Adde
1151 1949 1279 2012 similes
1304 1951 1393 2014 alios
1416 1955 1572 2036 ingente
1595 1957 1713 2020 Mina·

157 2077 236 2120 num
256 2055 401 2120 intentui
417 2069 520 2130 esset,
540 2052 829 2138 proqueestoribus
847 2053 905 2116 Cn.
965 2055 1017 2132 tia
1034 2052 1226 2132 descriptas.

159 2157 299 2234 Pisone,
329 2171 363 2220 et
383 2159 553 2233 Varrone,
586 2153 785 2240 dequibus,
816 2167 907 2216 utet
1026 2152 1207 2214 Denarium
1231 2154 1376 2237 priorem
1402 2167 1544 2219 statuunt
1568 2155 1711 2243 antiqua·

160 2259 203 2322 de
239 2258 385 2344 partibus
421 2258 541 2330 horum
579 2277 754 2319 nemorum
791 2257 908 2320 enticis
964 2255 1007 2316 rii
1029 2255 1188 2338 signatum
1212 2267 1298 2332 tuns,
1326 2275 1398 2319 eum
1416 2258 1653 2342 PompejusM.
1675 2263 1711 2322 iu

159 2361 271 2445 agitur
287 2360 322 2420 iu
338 2357 527 2450 Calpurnia,
549 2373 583 2422 et
599 2357 765 2424 Terentia.
794 2358 907 2421 Faeile
965 2357 1121 2474 Hispania
1141 2358 1338 2440 proconsule
1362 2358 1486 2422 hellum
1505 2381 1579 2423 cum
1600 2363 1712 2426 Serto·

159 2459 433 2544 istudeolligitur
451 2481 493 2522 ex
509 2459 594 2544 typis
610 2481 796 2526 aversarum
814 2460 909 2523 mari·
967 2459 1018 2522 rio
1037 2458 1139 2542 gessit
1155 2462 1202 2526 M.
1216 2461 1367 2524 Publicio
1386 2461 1631 2546 legatorumos
1649 2464 1717 2560 lios

160 2561 261 2626 timis.
298 2562 506 2678 Pompejus
496 2584 530 2624 ιιι
556 2563 607 2626 his
632 2563 751 2626 dieitur
769 2583 911 2646 procaa—
968 2559 1138 2624 feriandus
1160 2575 1304 2626 curante.
1334 2563 1470 2627 lstud
1444 2585 1472 2626 ιι
1495 2585 1627 2642 verum,
1647 2567 1712 2650 jam

160 2666 232 2742 sui,
252 2661 407 2726 nimirum
427 2663 736 2748 decretaqutitoto
755 2663 852 2741 mari,
876 2676 911 2727 et
968 2676 1036 2724 tum
1065 2663 1240 2746 Pompeius
1270 2665 1381 2749 Magni
1411 2667 1543 2730 nomine
1574 2667 1711 2753 insignis

162 2765 204 2829 ad
217 2764 551 2851 quinquagesimum
568 2787 651 2831 marr
641 2765 851 2830 milliarium
867 2784 910 2829 so
967 2763 1045 2841 init,
1076 2763 1118 2828 tle
1148 2787 1213 2852 quo
1243 2781 1351 2831 autum
1381 2769 1414 2830 in
1442 2771 1549 2832 numia
1578 2791 1713 2854 praeee-

164 2870 198 2930 iu
213 2866 303 2932 bello
317 2867 586 2952 proconsularem
603 2882 796 2954 potestatem
812 2868 911 2931 hube-
969 2865 1131 2940 dentibus.
1175 2867 1228 2930 Ab
1265 2867 1317 2931 his
1352 2869 1425 2931 abit·
1453 2873 1711 2956 Ηιιιιιιιιιιιριιι,

163 2983 225 3036 ret.
247 2969 404 3044 Additum
425 2971 545 3054 Magni
568 2991 688 3036 nomen
708 2973 848 3054 aliquam
867 2967 912 3032 ds
968 2987 1043 3032 eum
1078 2981 1194 3032 censet
1223 2969 1366 3052 signatos
1398 2973 1522 3050 serius,
1559 2974 1714 3036 nimirum

165 3087 315 3157 tempure
339 3071 450 3138 collati
475 3071 544 3155 ejus
567 3071 704 3135 honoris
727 3072 835 3136 lucem
858 3067 928 3133 ud·‘
969 3066 1097 3150 qnando
1127 3069 1304 3152 Pompeius
1331 3068 1410 3134 duas
1438 3072 1610 3157 Hispanias
1639 3097 1716 3160 pro·

163 3174 280 3240 fundit.
297 3176 463 3260 Appianas
480 3173 567 3237 binis
580 3174 674 3251 loeis,
689 3171 911 3255 (BellMithr.
969 3167 1131 3232 eousuleri
1148 3183 1309 3253 potestate
1332 3169 1364 3232 in
1387 3172 1642 3258 quinquennium
1658 3177 1720 3240 ub-

166 3297 193 3340 e.
208 3299 259 3360 q7.
282 3279 351 3356 ιιθ.
374 3281 460 3360 ιιι.)
478 3277 537 3342 sed
556 3276 730 3340 dubitantis
748 3277 848 3339 modo
864 3275 912 3337 iu·
968 3269 1080 3347 tinuit,
1109 3269 1151 3334 de
1174 3291 1239 3356 quo
1261 3272 1336 3338 vids
1357 3275 1510 3360 Pighium
1532 3279 1573 3341 ed
1594 3295 1715 3343 annuus

164 3382 254 3457 nuit,
289 3393 365 3465 post
392 3380 516 3444 bellum
547 3379 823 3456 Mithridaticum,
857 3391 913 3442 aut
969 3373 1012 3440 V.
1030 3371 1156 3456 Gens).
1190 3375 1314 3469 Quare,
1339 3377 1398 3456 sit,
1425 3379 1599 3444 adveutum
1621 3383 1718 3448 Pom-

163 3485 277 3548 ssltem
292 3496 368 3566 post
380 3481 485 3548 victos
498 3481 684 3566 praedones
695 3481 782 3544 istud
798 3481 830 3546 ei
844 3481 913 3545 elo·
969 3475 1038 3560 peji
1064 3475 1147 3540 laeta
1174 3477 1296 3562 excipit
1319 3479 1494 3565 Hispania,
1526 3484 1641 3568 illique
1670 3489 1718 3550 vi·

169 3587 257 3668 giam
282 3585 402 3650 dutum.
439 3583 630 3648 Alexander
654 3584 798 3648 Severus
826 3581 910 3668 apud
970 3577 1090 3643 storias
1114 3600 1192 3644 suas
1213 3583 1407 3665 gratulatur,
1434 3603 1509 3646 eum
1531 3567 1642 3668 paullo
1666 3609 1718 3649 su·

165 3687 389 3772 Lampridium
422 3685 565 3762 adserit,
605 3685 800 3769 Pompeium
829 3685 912 3748 illud
970 3703 1029 3766 pra
1051 3681 1267 3760 asseruisset,
1291 3697 1358 3745 tum
1381 3684 1501 3748 iterum
1521 3687 1716 3772 Pompeium

165 3805 240 3874 post
261 3811 396 3876 maguus
416 3788 600 3873 triumphos
619 3787 796 3872 accepisse.
825 3785 914 3882 Quo·
970 3783 1005 3844 in
1021 3783 1209 3867 Hispaniam
1224 3787 1451 3868 proconsulari
1464 3801 1627 3870 potestate
1642 3809 1718 3874 pro·

165 3895 251 3956 uiam
270 3913 353 3979 ergo
372 3893 406 3956 iu
426 3889 654 3977 praesentibus
673 3888 816 3966 denariis
823 3933 834 3964 ,
859 3889 920 3973 qui
971 3883 1105 3952 festum.
1130 3886 1218 3949 lstusl
1234 3887 1401 3952 luculente
1413 3890 1541 3968 laisum,
1557 3915 1631 3956 uum
1647 3913 1719 3958 cer·

168 4009 260 4058 certe
296 4015 359 4079 per
394 3995 519 4059 bellum
558 3993 760 4078 praedonum
799 3991 916 4075 signati
972 3999 1169 4052 tumentes
1189 3990 1403 4074 scriptoribus
1426 3993 1594 4071 omnibus,
1620 3997 1717 4060 Porn-

166 4110 258 4174 suut,
278 4097 343 4180 jem
361 4095 631 4181 Magninomine
648 4093 822 4181 gloriatur,
841 4093 914 4177 plus
971 4092 1099 4176 pejum.
1118 4111 1162 4176 vex
1180 4113 1245 4178 quo
1262 4093 1395 4157 deoreta
1412 4095 1546 4158 illitum
1563 4099 1719 4182 Hispania
1772 4093 1774 4100 ’

169 4198 246 4262 {idei
271 4213 417 4286 meretur
440 4198 546 4264 oratio
569 4197 738 4262 Plutarchi
761 4209 793 4260 et
816 4195 916 4258 Plinii
949 4190 1048 4272 'tuin
1078 4215 1241 4278 uunquam
1264 4207 1334 4259 toto
1354 4216 1395 4260 eo
1418 4198 1640 4284 quinquennio
1662 4219 1720 4283 pe·

168 4323 264 4384 supra
285 4303 398 4378 uitats,
423 4302 577 4364 nullatum
598 4323 617 4364 a
637 4301 728 4363 Sulla
746 4297 916 4364 adfirman-
973 4295 1049 4360 dem
1073 4297 1106 4359 iu
1131 4319 1202 4360 eom
1226 4299 1357 4377 tulisse,
1389 4299 1540 4380 Afranio,
1567 4303 1719 4382 Petreio,

168 4403 260 4470 tium.
283 4403 368 4470 Vide
386 4416 421 4468 st
436 4424 553 4469 numos
569 4403 755 4490 sequentes.
970 4400 1121 4466 Varrone
1140 4399 1257 4485 legatis
1273 4421 1344 4466 eum
1362 4421 1425 4488 pro
1442 4423 1478 4466 se
1494 4403 1717 4472 administran-
1739 4451 1746 4472 .

527 4507 547 4546 ι
970 4501 1101 4566 tibus
1065 4523 1196 4587 ‚ipsum
1213 4525 1295 4570 vero
1312 4504 1609 4572 reifrumentariue
1626 4529 1722 4573 eausa

307 4605 911 4676 ns.P01tntct.1.EG.Ptto.rn.
971 4605 1168 4670 exS.C.1n
1188 4607 1270 4672 urbe
1289 4607 1481 4674 substitisse.
1513 4609 1623 4705 Quare
1644 4631 1718 4674 cusu

309 4709 417 4792 Caput
437 4711 597 4775 Palladis.
909 4709 1148 4802 Pompejus
1170 4711 1348 4778 secuudum
1370 4725 1482 4796 typum
1503 4712 1598 4798 hujus
1623 4713 1721 4777 deua-

230 4829 323 4912 (Vol.
343 4833 399 4913 V.)
1406 4835 1436 4895 N
1458 4855 1479 4895 n
