4180 5484
423 547 492 614 uto
831 559 834 566 ,
1051 479 1349 598 nutantum.

420 703 543 766 dunum
565 707 598 760 ct
623 695 814 759 Rauricam.
845 691 1012 784 Angcutoi
1034 694 1169 787 ulterius
1228 714 1320 756 suum
1344 711 1477 756 numum
1499 711 1582 758 vere
1604 677 1771 780 {utiquam
1795 697 1978 780 profitetur,

422 798 487 864 loci
506 795 591 862 haud
609 795 708 862 dubio
725 795 843 882 signati
861 807 951 874 aunt,
967 815 1041 862 cum
1056 797 1166 862 Asiam
1227 816 1406 880 casumque
1434 795 1569 877 conjicit
1596 819 1615 860 a
1642 797 1918 879 Lugdunensibus
1947 803 1979 862 in

419 899 515 964 rexit.
1224 897 1361 980 gratiam
1400 898 1439 960 L.
1472 898 1610 960 Munatii
1650 899 1783 976 Planci,
1825 902 1901 984 qui,
1945 917 1978 964 ut

1223 996 1382 1074 diximus,
1414 997 1612 1082 Lugdunum
1639 999 1802 1063 coloniam
1828 1002 1974 1066 deduxit.

678 1113 697 1152 a
783 1065 802 1102 '
886 1113 904 1150 ι
1222 1097 1485 1191 Quanquam
1517 1099 1694 1182 junctum,
1727 1102 1888 1187 aquaem
1922 1123 1977 1188 gs

558 1203 770 1268 PLANCVS.
787 1199 882 1266 COS.
909 1200 1016 1281 Caput
1030 1200 1163 1264 nudum.
1224 1201 1315 1264 nuini
1339 1213 1413 1262 aunt
1435 1202 1470 1262 hi
1492 1202 1600 1278 numi,
1625 1201 1728 1286 magia
1749 1204 1829 1265 mihi
1847 1206 1976 1271 adtidet

419 1306 508 1372 SR.
526 1303 569 1399 Q.
587 1305 627 1370 lt.
648 1305 719 1370 OB.
741 1303 824 1368 clv.
845 1303 939 1365 SER.
962 1305 1054 1364 intra
1077 1321 1167 1365 coro·
1222 1321 1302 1385 prae
1326 1301 1430 1363 altero
1449 1303 1632 1380 Vuiilantii,
1662 1305 1718 1389 qui
1737 1305 1771 1366 iu
1790 1307 1915 1370 suisud
1931 1309 1974 1371 oi·

418 1427 506 1470 nam.
531 1407 601 1470 ΔΕ.
617 1408 641 1469 l.
661 1419 694 1468 et
710 1406 750 1470 11.
774 1401 891 1486 (catal.
910 1401 1074 1486 d'Ennery
1092 1425 1165 1488 pag.
1223 1415 1323 1466 tatum
1359 1402 1484 1466 Goltaii
1517 1427 1652 1468 numum
1687 1405 1866 1471 observatis
1902 1411 1973 1491 ejus

417 1505 487 1588 68.)
524 1505 645 1570 Similia
670 1505 775 1570 editus
801 1505 864 1588 jum
889 1503 951 1567 fuit
975 1526 993 1566 a
1015 1503 1165 1583 Goltnio,
1223 1519 1391 1568 auctorem
1415 1507 1505 1568 numi
1525 1507 1602 1570 iacit
1621 1509 1661 1571 1..
1677 1509 1858 1572 Munatium
1876 1511 1973 1575 Plan·

417 1621 485 1672 tum
524 1621 558 1672 et
593 1610 698 1672 aerius
727 1609 760 1670 iu
792 1607 947 1690 catalogo
976 1606 1163 1670 Pembrocls
1220 1621 1413 1698 cum‚taste
1428 1607 1532 1672 altero
1558 1607 1682 1671 Goltzii
1701 1631 1800 1673 numo
1819 1613 1970 1677 ttluiruu

415 1711 504 1774 Part.
519 1711 574 1776 iil.
596 1710 660 1776 tab.
675 1711 721 1796 b.)
744 1709 803 1775 aed
820 1709 855 1772 in
870 1709 1038 1795 utriusque
1058 1709 1163 1773 antica
1220 1709 1418 1772 monetalem
1435 1709 1495 1772 nub
1511 1713 1677 1794 Augusto,
1696 1713 1752 1797 qui
1769 1713 1855 1776 adeo
1871 1717 1970 1797 patria

417 1811 512 1880 deaut
530 1811 623 1876 COS.
1218 1811 1395 1896 imaginem
1421 1813 1494 1895 juro
1520 1831 1581 1876 auo
1607 1813 1642 1875 in
1666 1827 1797 1879 moneta
1823 1831 1970 1900 spectan-

481 1917 607 1980 Auoton
634 1913 774 2002 catalogi
799 1912 962 1998 d'Euueny
986 1924 1161 1997 utrumque
1205 1911 1293 1976 ‘daus
1314 1913 1441 1980 obtulit.

990 2225 1388 2294 MVSSIDIA.

479 2431 569 2496 Gens
595 2443 824 2516 praeterquam
850 2429 884 2492 iu
911 2428 1019 2492 numia
1045 2449 1160 2514 panum
1217 2430 1283 2492 duc
1297 2427 1380 2493 haec
1393 2431 1533 2494 inuicmn
1544 2449 1608 2513 pro
1623 2439 1850 2511 seponantur.
1867 2429 1964 2506 Vnde

415 2533 558 2620 cognita.
580 2531 771 2618 Cognomcn
790 2534 936 2614 Longus.
1217 2543 1252 2594 et
1277 2532 1389 2594 Livius
1419 2551 1520 2616 agona
1547 2531 1589 2592 de
1618 2527 1758 2592 comitiis
1787 2531 1967 2596 consulari-

671 2679 689 2718 „
774 2629 794 2669 '¹⁵
877 2677 896 2716 4
1215 2629 1276 2694 huo
1299 2629 1347 2712 l>):
1370 2635 1484 2694 datum
1503 2643 1629 2700 secrato
1652 2634 1792 2700 inauli
1814 2653 1889 2698 cum
1911 2635 1967 2700 lu's

558 2735 665 2818 Caput
683 2735 711 2798 1.
733 2733 888 2798 Caesaris
904 2731 1100 2796 laureatum.
1114 2765 1159 2782 -
1216 2733 1437 2812 conloquendi
1447 2746 1585 2815 tempus.
1599 2734 1643 2794 Et
1651 2733 1801 2797 Lucanus
1817 2741 1866 2817 c):
1883 2739 1967 2800 Con-

558 2837 665 2918 Caput
685 2835 774 2924 Solis
790 2835 969 2897 radiatum.
989 2869 1032 2883 ·-
1057 2834 1161 2898 CON·
1196 2835 1317 2911 «cidit,
1341 2847 1375 2896 ct
1398 2837 1541 2898 taisccac
1565 2837 1750 2898 maculavit
1774 2839 1879 2899 ouilia
1900 2839 1966 2900 tto·

553 2935 733 3003 cottuta.
761 2937 867 3020 Caput
887 2939 1091 3000 Concordiae
1109 2959 1161 3001 ue·
1215 2955 1299 2998 mae.
1322 2937 1365 2998 Et
1381 2935 1544 3000 Ausonius
1561 2935 1723 3024 agenoldo
1738 2937 1911 3002 consulum
1928 2941 1964 3002 iu

554 3042 678 3120 latum,
696 3051 775 3104 autc
790 3039 879 3118 quod
893 3051 1020 3102 astrum
1039 3039 1093 3103 vcl
1109 3059 1160 3102 so·
1216 3038 1356 3101 comitiis
1394 3039 1558 3102 electione
1597 3052 1759 3104 memorat
1795 3040 1894 3104 ouilia
1918 3039 1963 3124 d).

555 3144 615 3220 lis,
637 3141 690 3204 uel
706 3141 815 3202 lunae.
1215 3139 1366 3224 Denique
1387 3154 1420 3204 et
1435 3140 1595 3206 Iuvenalis
1611 3143 1659 3225 θ).
1682 3143 1800 3218 Isidis,
1822 3145 1962 3224 antiquo

413 3241 719 3334 t..tat⁷sstn1VS.
741 3239 931 3310 LONGVS.
967 3241 1158 3320 Comitium,
1215 3260 1299 3320 quac
1311 3246 1469 3322 proxima
1484 3239 1594 3326 sucgit
1611 3243 1706 3308 ouili.
1728 3245 1764 3304 ln
1779 3258 1880 3327 ponte
1900 3258 1964 3308 stat

412 3351 448 3412 ia
477 3365 540 3426 quc
565 3357 660 3408 stam
688 3343 845 3405 diribitcr
869 3353 904 3404 ct
931 3343 1015 3404 civis
1037 3345 1160 3430 suffra·
1215 3339 1383 3419 diribitor‚
1413 3343 1505 3424 cujus
1533 3357 1619 3420 erat,
1649 3345 1773 3428 populo
1797 3345 1962 3424 umbone,

408 3445 1012 3532 giumscrcas,ccmitiainscriptum:
1027 3443 1160 3509 cuot—
1214 3463 1274 3507 sau
1306 3443 1503 3508 distribuere
1537 3445 1674 3508 tabellas
1709 3445 1960 3531 suffragiorum,
2011 3501 2014 3508 .

412 3551 495 3615 ClN.
518 3549 589 3612 AR.
608 3546 644 3610 C.
1214 3545 1293 3608 cista
1306 3545 1400 3622 itam,
1417 3547 1450 3608 in
1469 3569 1562 3631 quam
1580 3546 1719 3610 tabellas
1735 3547 1959 3616 mittebantur.

474 3649 580 3732 Hujus
615 3643 741 3712 donatii
779 3658 891 3732 typum
927 3645 990 3729 jam
1026 3648 1157 3731 prolixe
1213 3646 1361 3714 Verbum
1378 3649 1577 3726 CLOACIN.
1593 3649 1697 3732 ipsum
1713 3649 1776 3713 hoo
1791 3652 1960 3715 comitium

411 3751 584 3816 illustravit
611 3749 760 3820 Vrsinus.
791 3751 875 3814 Esse
895 3749 1082 3827 comitium,
1109 3753 1157 3812 in·
1212 3763 1321 3830 uotat3
1355 3770 1428 3812 nam
1457 3753 1496 3812 Τ.
1526 3749 1637 3814 Tatius
1670 3751 1866 3846 Sabinorum
1897 3775 1962 3818 rex

411 3857 519 3922 dicant
536 3830 645 3938 subm,
675 3863 708 3916 et
727 3851 883 3929 conuelli,
905 3865 941 3915 et
961 3873 1062 3936 pona,
1088 3854 1157 3938 qui·
1213 3851 1511 3930 Vouauia‘atatuam
1535 3853 1570 3914 in
1593 3853 1703 3916 cloaca
1725 3869 1891 3938 repertam
1917 3857 1959 3921 ab

409 3959 470 4024 bus
502 3955 585 4020 illud
610 3954 793 4019 constitisse
826 3966 985 4016 tentantur
1011 3969 1154 4022 veteres.
1213 3967 1333 4016 eventu
1357 3955 1548 4017 Cloacinam
1570 3953 1763 4032 nominavit,
1788 3959 1878 4020 etin
1903 3979 1976 4038 cop

409 4059 521 4156 Quane
552 4072 586 4124 ot
618 4057 769 4150 observat
799 4055 934 4122 Sentius
961 4057 1009 4140 ·)=
1055 4057 1156 4140 Septa
1212 4054 1304 4117 mitio
1324 4053 1496 4119 dedicavit.
1524 4055 1610 4122 Vide
1628 4058 1805 4120 Minucium
1827 4056 1872 4142 ¹),
1897 4061 1961 4126 La·

403 4167 539 4254 propria
558 4173 637 4226 aaut
657 4162 732 4222 loca
753 4159 789 4222 in
811 4177 927 4240 cumpo
949 4157 1078 4222 Martio
1103 4162 1154 4222 in·
1210 4159 1364 4220 utentium
1379 4159 1426 4240 t),
1446 4158 1640 4241 Cyprianuua
1656 4157 1702 4242 ΙΙ).
1731 4159 1799 4224 ssa
1817 4159 1895 4246 lage
1913 4161 1959 4230 du

402 4269 502 4344 ‚clusa
525 4263 707 4341 tabulatis,
735 4263 772 4324 t'a
796 4259 916 4339 quibus
937 4273 1032 4324 stans
1055 4263 1092 4324 P.
1113 4262 1153 4324 tt.
1210 4259 1261 4322 his
1287 4261 1409 4344 langius
1430 4259 1652 4324 disserentem
1674 4263 1841 4330 Vrsinum.
1879 4266 1958 4330 Nou

406 4369 574 4456 suffragia
595 4365 691 4450 fietne
717 4373 952 4442 connumerat,-
988 4363 1049 4426 scd
1076 4381 1155 4441 quo·
1210 4361 1391 4426 absimilem
1420 4363 1543 4428 comitii
1567 4377 1677 4449 typum
1705 4365 1958 4432 videsomnis

406 4471 497 4532 niam
519 4467 605 4530 daec
630 4477 723 4548 scptu
744 4463 874 4528 similia
895 4475 975 4526 sunt
1001 4463 1178 4542 astutus„
1212 4465 1419 4548 gestastis.
1454 4465 1589 4530 Causam
1614 4467 1694 4531 lecti
1715 4467 1811 4551 hujus
1828 4491 1848 4534 a
1867 4471 1957 4533 Mna·

406 4687 543 4760 ,Μὰ
556 4687 788 4765 Eudamum.
822 4763 827 4774 .
875 4685 913 4759 b)
932 4683 1176 4751 Ument.
1259 4691 1291 4762 o)
1309 4689 1389 4748 t..1t.
1404 4705 1505 4766 mot.
1590 4691 1806 4770 d)Puueg.ad
1821 4693 1954 4754 Gratim.

403 4791 484 4848 att.
565 4781 597 4856 a)
616 4777 813 4852 Satvidto·
894 4775 1047 4849 OOctat.
1064 4789 1143 4844 aas.
1225 4777 1451 4855 g)1uatit.1·.i
1469 4795 1548 4846 ato.
1627 4781 1664 4857 h)
1682 4782 1838 4846 Idolum
1856 4799 1917 4848 et.
