4180 5484
762 536 1075 616 CORNELIA.
1613 571 1689 640 pgg

285 699 426 784 Serpens
449 715 493 764 es·
513 702 601 764 cista
619 707 812 794 promicans
837 710 888 768 s'n·
930 705 1001 788 ‚ubi
1031 709 1055 771 1.
1074 707 1220 772 Caesaris
1250 711 1388 776 maxima
1412 715 1446 776 ln
1469 735 1505 778 se
1528 717 1688 788 beneficia

285 815 338 862 trn
352 820 508 864 coronam
527 801 752 866 hederuceum.
945 823 1197 885 commemorat,
1228 809 1310 874 haec
1331 813 1555 896 deprecandae
1575 823 1686 886 salutis

140 901 179 966 Ρ.
199 900 449 968 LENTVLVS.
483 901 757 966 lMPEnuTOR.
800 903 886 984 ¹Duo
930 927 1039 971 ,cansa
1057 907 1231 990 profitetur
1247 914 1294 993 ο)ε
1319 936 1425 995 seper
1443 940 1517 980 enm
1534 924 1570 983 in
1587 925 1685 986 colle·

140 1017 309 1086 serpentes
326 1017 553 1086 exsurgentes,
568 1007 603 1064 t'n
619 1024 698 1064 urea
707 993 822 1066 Arte.
833 1007 888 1068 vel
932 1063 934 1070 .
940 1013 1036 1090 giam
1049 1011 1245 1093 pontificum
1264 1019 1400 1091 uenisse,
1408 1023 1616 1098 provinciam
1627 1023 1687 1088 Hs'·

140 1099 253 1168 AAO.
289 1103 371 1192 Sunt
387 1102 578 1186 cistophori.
601 1105 670 1166 All.
691 1105 791 1165 ΗΕΒ.
942 1114 1112 1190 spunt'cnnt
1129 1131 1174 1174 ear
1184 1129 1345 1195 practura
1359 1115 1529 1197 habuisse,
1552 1125 1589 1184 in
1600 1129 1686 1204 peti·
1812 1191 1821 1204 .

205 1203 449 1286 lnSpiutberea
470 1203 572 1266 divisa
590 1205 651 1264 luit
668 1205 885 1270 Lentulorum
929 1213 1035 1272 ‚tione
1056 1215 1251 1274 consulatus
1278 1217 1318 1276 ab
1338 1236 1376 1276 eo
1393 1217 1507 1298 fuisse
1535 1224 1684 1288 sublevu-

140 1305 264 1368 familia
287 1304 422 1366 nominc
452 1317 556 1367 macto
585 1307 762 1389 aquodam
790 1308 886 1389 Spin·
943 1321 1023 1370 turn.
1047 1312 1097 1371 Ex
1109 1331 1173 1392 qno
1187 1311 1345 1391 eflicitur,
1361 1317 1504 1381 Lentulo
1519 1337 1682 1403 praetore,

141 1407 239 1470 there
257 1404 435 1480 histrione,
465 1407 518 1468 cui
544 1407 582 1468 L.
599 1407 758 1470 Lentulus
786 1409 886 1470 simil·
942 1409 1077 1494 ejusque
1102 1414 1234 1475 nominc
1259 1415 1320 1476 hos
1345 1417 1377 1476 in
1402 1419 1556 1500 Hispania
1579 1424 1684 1508 sigira-

140 1507 340 1596 limas'fuit,
376 1505 506 1590 etqui,
536 1507 623 1590 quod
645 1513 784 1586 mirere,
817 1531 884 1572 non
943 1523 993 1572 tos
1013 1533 1146 1588 numos,
1168 1513 1393 1578 additoetiam
1407 1517 1540 1598 OSCA,
1562 1543 1681 1610 nempe

126 1607 318 1696 dubitarit,
361 1620 499 1670 tractum
530 1629 547 1668 a
575 1609 786 1673 similitudine
818 1625 885 1674 tur·
942 1611 1038 1674 urbis·
1058 1614 1206 1690 nomine,
1241 1615 1274 1676 in
1295 1637 1357 1700 qua
1377 1621 1529 1684 malleum
1553 1619 1683 1710 experti

141 1710 251 1792 pinula
287 1729 408 1770 nomen
443 1708 628 1772 nominibus
661 1711 884 1794 reliquis'so·
941 1724 1027 1774 sunt.
1079 1715 1145 1775 Pro
1169 1716 1230 1778 hoc
1253 1717 1285 1777 in
1307 1719 1379 1780 aliis
1402 1721 1541 1802 legiturt
1580 1725 1620 1819 Q.
1646 1729 1680 1792 S.
1768 1711 1778 1728 ³

142 1811 251 1886 ciare,
274 1811 444 1894 numisque
463 1809 655 1874 inscribere.
686 1811 885 1878 Factumle·
942 1813 997 1886 C.‚
1027 1833 1146 1895 nempe
1170 1815 1338 1906 Quaestor
1358 1823 1564 1902 provinciae,
1596 1829 1682 1910 quis·

141 1912 254 1998 pidum
284 1910 402 1972 iisdem
433 1929 537 1993 paene
568 1910 678 1974 rerbis
708 1913 884 1996 perhibent
941 1919 1069 1996 cunque
1090 1916 1117 1976 is
1136 1914 1197 1976 luit
1221 1917 1364 1980 Lentulo
1388 1921 1533 1999 additus,
1564 1946 1621 1988 eos
1639 1947 1682 1991 ex

129 2013 216 2098 ,Vah
243 2012 403 2074 Maximus
427 2015 476 2090 ¹),
515 2025 548 2076 et
566 2011 692 2074 Plinius
716 2013 758 2095 b).
807 2016 882 2108 Quo
942 2013 976 2077 S.
996 2015 1032 2088 C.
1059 2015 1228 2076 feriendos
1253 2019 1387 2084 curarit.
1435 2023 1489 2085 Sic
1516 2027 1681 2090 etiunu·

140 2129 293 2200 tempore
311 2113 463 2176 consules
480 2112 573 2174 luere
591 2115 749 2177 Lentulus
769 2129 802 2177 et
814 2119 884 2180 Me·
941 2115 1002 2176 mis
1028 2115 1084 2176 Cn.
1102 2118 1232 2178 Lentuli
1253 2140 1350 2201 supra
1373 2123 1477 2185 citatis
1497 2126 1562 2186 CN.
1578 2129 1678 2192 LEN.

140 2217 259 2290 tellus,
289 2215 366 2296 (suit
393 2216 545 2278 isannes
569 2216 668 2280 V.C.
693 2215 883 2298 bap.)duo·
942 2213 982 2306 Q.
1002 2217 1073 2280 EX.
1095 2217 1128 2280 S.
1148 2220 1183 2283 C.
1229 2221 1332 2302 Caput
1353 2225 1477 2287 amicae
1499 2227 1679 2294 verisimile

138 2339 213 2380 rum
235 2317 331 2379 simul
353 2317 522 2380 consulum
549 2317 707 2398 imagines
729 2317 763 2377 in
785 2338 883 2380 scena
940 2330 1080 2380 estesse
1103 2319 1222 2382 veteris
1242 2320 1352 2382 herois
1370 2324 1552 2408 indigenae.
1596 2333 1680 2394 Her·

139 2431 320 2503 spectatas,
355 2419 439 2486 binis
471 2417 682 2480 histrionibus
713 2417 882 2500 productis
940 2418 1022 2479 culis
1046 2419 1147 2501 ipsius
1170 2435 1284 2484 censet
1303 2425 1681 2516 liuvercampaaHispa·

139 2518 317 2604 Spinthere
356 2532 390 2580 et
418 2517 609 2599 Pamphilo,
647 2539 785 2600 quorum
823 2519 880 2582 ille
938 2517 1044 2580 nicusi
1083 2522 1172 2582 cultu
1202 2525 1372 2606 propositi.
1418 2529 1521 2608 Caput
1554 2534 1678 2612 simile,

137 2621 334 2696 Lentulum,
355 2619 409 2682 bic
431 2618 601 2681 Metellum
624 2619 808 2700 referebat,
840 2641 882 2684 ex
937 2619 1102 2704 adscripto
1134 2624 1211 2685 item
1236 2626 1369 2702 OSCA,
1404 2627 1560 2711 objiciunt
1582 2633 1680 2698 dona·

135 2723 196 2786 illo
212 2722 390 2786 Lentulum
412 2740 529 2784 resera
551 2721 736 2802 Spintheris
758 2742 879 2784 nomen
931 2722 978 2784 sii
994 2721 1129 2784 Domitii
1148 2745 1189 2787 ex
1208 2725 1323 2790 eadem
1343 2747 1457 2805 causa,
1487 2745 1522 2792 ut
1539 2732 1678 2798 dicetur.

134 2823 293 2900 traxisse,
333 2843 374 2884 ex
404 2822 509 2886 altero
539 2825 709 2886 Metellum
748 2845 878 2907 qnoque
936 2823 1059 2898 Errare
1086 2826 1179 2902 illos,
1208 2832 1264 2912 qui
1289 2849 1404 2890 numos
1436 2829 1497 2893 hos
1519 2855 1696 2934 memorali-⁸

134 2925 322 2988 babituram
350 2923 450 2986 luisse
473 2945 591 2986 nomen
615 2926 800 3008 Pamphili,
816 2925 879 2986 nisi
936 2938 1004 2986 tum
1023 2927 1118 2989 toties
1139 2927 1235 2990 Livio
1260 2943 1430 3011 argentum
1448 2931 1596 2998 Oscense
1620 2958 1677 3018 pu·

132 3029 198 3108 jam
218 3024 384 3088 habuisset
401 3028 539 3089 alterum
565 3046 749 3110 cognomen
770 3028 878 3106 Nepo·
935 3037 1022 3101 tant,
1052 3026 1119 3088 dixi
1150 3027 1182 3088 in
1211 3029 1462 3111 Prolegomenis
1490 3035 1532 3094 ad
1559 3057 1675 3098 numos

132 3129 188 3192 tis.
240 3127 394 3189 Ceterum
424 3127 485 3202 etsi
517 3146 627 3190 reram
659 3147 733 3189 esse
762 3126 876 3188 demus
934 3127 1121 3208 Hispaniae.
1172 3129 1253 3190 Pars
1284 3149 1396 3192 aversa
1432 3131 1515 3194 sistit
1543 3137 1676 3216 genium

131 3247 206 3292 earn
242 3227 422 3312 agnominis
451 3227 593 3290 Lentulo
631 3225 697 3290 dati
732 3247 889 3304 causam,·
933 3225 971 3289 P.
994 3227 1033 3292 R.
1079 3228 1168 3290 Talis
1196 3230 1349 3292 nimirum
1379 3231 1610 3314 comprobatur
1633 3258 1675 3299 cx

132 3341 261 3394 cenum
304 3342 356 3391 est
396 3348 437 3390 ex
474 3329 685 3412 sequentibus
717 3328 875 3406 denariis,
934 3324 1106 3413 descriptis
1123 3351 1220 3414 supra
1235 3331 1377 3405 denariis
1394 3333 1452 3394 Cn.
1469 3334 1614 3412 Lentuli,
1641 3339 1674 3400 in
1757 3409 1761 3418 ,

119 3431 312 3496 ¹Lentulum
348 3429 411 3512 jam
442 3443 516 3494 ante
549 3453 641 3492 sunm
671 3432 874 3496 consulatum
934 3427 1051 3510 quibus
1073 3431 1160 3511 juxta
1191 3431 1480 3515 caput'harhatum
1511 3435 1674 3500 diadema·

130 3531 319 3618 Spintheris
335 3531 467 3594 nomine
485 3555 588 3610 nsum.
931 3543 998 3589 tum
1021 3527 1170 3592 adstituta
1194 3531 1282 3596 hasta
1304 3535 1460 3616 scriptum
1490 3535 1611 3620 legitur
1633 3541 1672 3604 G.

191 3633 332 3696 Denarii
347 3631 420 3696 loco
440 3637 464 3697 1.
485 3634 641 3719 descripti
663 3633 807 3697 ollernnt
823 3653 875 3696 ca·
931 3631 968 3690 P·
988 3632 1029 3694 R.
1072 3632 1223 3694 Eundem
1253 3635 1384 3716 genium
1406 3633 1443 3696 Ρ.
1460 3639 1502 3699 R.
1523 3659 1674 3722 compro-

123 3750 187 3820 put
217 3735 341 3798 nudum
379 3733 565 3811 barbatum,
603 3736 698 3821 quale
731 3733 876 3796 occurrit
931 3728 986 3794 hat
1012 3730 1108 3794 ctiam
1141 3735 1374 3815 cornucopiae,
1404 3738 1491 3820 quod
1517 3760 1612 3802 uranu
1632 3743 1673 3804 si·

128 3841 160 3900 in
193 3837 302 3901 obuiis
331 3835 491 3898 drachmis
514 3835 803 3920 Hispaniensibus,
836 3855 873 3898 ac
929 3831 1030 3892 nistra
1052 3833 1208 3912 praefert,
1226 3855 1299 3895 nam
1318 3835 1399 3896 illud
1419 3837 1451 3899 ei
1468 3836 1575 3902 datum
1592 3861 1672 3926 qno·

129 3955 304 4026 praeterea
342 3935 475 4015 OSCA,
526 3938 614 4021 quod
654 3937 716 4002 luit
752 3955 873 3998 nomen
931 3953 995 4017 que
1017 3933 1164 3996 videmus
1193 3935 1226 3994 in
1251 3936 1362 3996 numia
1391 3935 1549 4020 Augusti,
1589 3963 1671 4026 quos

128 4040 321 4128 praeclarae
359 4040 614 4102 Tarraconensis
650 4037 734 4103 urbi.
788 4037 873 4098 Satis
930 4033 1076 4098 recitabo
1104 4033 1144 4096 sd
1172 4056 1291 4097 annum
1320 4036 1360 4101 V.
1390 4035 1426 4099 C.
1453 4039 1534 4118 734,
1571 4055 1604 4106 et
1636 4045 1671 4106 in

130 4145 234 4229 igitur
261 4161 393 4218 causae,
429 4159 488 4204 eur
509 4141 627 4224 signati
655 4139 689 4200 in
718 4137 873 4220 Hispania
930 4157 1030 4197 numo
1045 4135 1167 4198 Galbae
1193 4155 1269 4198 cum
1296 4157 1409 4200 aversa
1428 4139 1672 4208 MARTl.V[,.

128 4243 318 4310 credantur.
357 4245 498 4306 Etrero
520 4254 661 4317 constat,
682 4239 873 4302 buncLen·
931 4237 1049 4301 nont.
1090 4239 1185 4302 Patet
1205 4237 1289 4300 adeo
1312 4257 1354 4300 ex
1371 4239 1422 4301 bis
1440 4241 1561 4317 numia,
1582 4243 1671 4328 qaod
1791 4271 1795 4292 ·

127 4349 233 4412 tulum
256 4345 299 4412 V.
319 4343 355 4410 C.
379 4344 441 4424 aas
467 4345 654 4426 Hispaniam
683 4340 871 4404 citeriorem
930 4359 1028 4422 supra
1049 4337 1155 4416 innui,
1187 4339 1364 4402 Lentulum
1394 4339 1459 4422 jam
1480 4355 1554 4405 ante
1576 4363 1669 4408 saum

127 4471 189 4534 pro
221 4459 374 4531 praetore
410 4447 575 4516 sortitum.
618 4443 659 4505 de
694 4463 758 4526 quo
796 4439 871 4502 ride
931 4441 1132 4504 consulatum
1157 4439 1342 4523 Spintheris
1371 4459 1491 4506 nomen
1513 4443 1576 4506 sibi
1595 4466 1688 4530 pro·-

127 4549 292 4636 Pighiem.
337 4547 424 4640 Quin
458 4546 589 4629 etipse
618 4543 871 4617 biotanatus,
930 4541 1181 4625 priumlcciste.

165 4761 196 4830 a}
217 4757 249 4816 L.
261 4755 308 4814 lx.
324 4774 348 4813 c.
360 4767 405 4820 ιδ.
419 4763 446 4816 l·
520 4753 555 4826 b)
575 4751 682 4814 nvn.
696 4771 726 4830 p·
740 4761 801 4826 579.
877 4752 908 4824 c)
929 4705 1039 4810 Caesar
1053 4753 1085 4809 tt.
1102 4753 1135 4814 C.
1151 4753 1183 4812 L.
1193 4753 1215 4814 1.
1224 4733 1256 4812 ὀ.
1269 4767 1312 4816 22.
