4180 5484
414 509 521 614 190‘
913 456 915 465 ’
1028 509 1340 585 conanum.

416 699 527 772 partes
551 694 698 758 secutus,
737 675 827 763 cujus
854 699 958 767 gener
984 680 1062 758 tuit,
1088 694 1163 764 post
1219 680 1379 764 insignem
1399 676 1619 764 triumphum,
1642 699 1740 766 wem
1762 679 1905 746 dictatur
1924 683 1965 746 de
2068 719 2069 724 κ

417 785 584 851 infelicem
606 785 644 850 ad
662 783 854 846 Pharsalum
873 781 1163 866 pug'uaminhlri-
1219 779 1407 845 Mithridate
1430 781 1510 866 egit.
1540 783 1592 846 De
1614 795 1692 866 typo
1715 783 1807 846 numi
1821 786 1863 846 11.
1883 785 1964 868 quid
2068 813 2069 860 ,

416 911 486 950 cam
516 890 558 952 ad
588 887 774 969 Scipionem
805 885 949 970 clapsus,
987 884 1082 950 victis
1106 884 1160 948 hio
1217 896 1370 960 statuam,
1408 884 1444 946 iu
1473 883 1602 948 incerto
1629 905 1712 951 sum.
1760 885 1854 978 Quae
1883 889 1966 949 anti·
2068 875 2069 958 Ῑ

415 992 534 1052 iterum
569 989 776 1073 Pompcjanis
809 1000 920 1072 captus
953 986 986 1048 iu
1020 987 1161 1049 tumultu
1217 983 1322 1068 quarii
1350 985 1508 1048 hactenus
1534 985 1695 1064 attulere,
1738 1007 1804 1051 non
1841 987 1966 1051 satisia·
2068 979 2069 998 ¹

414 1091 554 1154 militum
572 1089 764 1154 interfectas
782 1103 846 1166 est,
868 1086 987 1166 caede,
1005 1085 1160 1152 uteresli-
1216 1086 1315 1150 ciunt.
1367 1087 1491 1150 Nemus
1529 1089 1584 1152 111.
1622 1089 1726 1172 magis
1764 1091 1799 1151 iu
1821 1089 1964 1153 animad-
2068 1095 2069 1140 l

414 1209 502 1270 tum,
524 1215 542 1256 a
561 1195 699 1256 Caesare
716 1192 884 1275 imperata.
912 1190 1002 1268 Alia,
1023 1210 1106 1274 quae
1119 1189 1160 1253 ad
1216 1187 1385 1250 versiones
1410 1201 1515 1270 patets
1554 1188 1659 1273 Caput
1679 1191 1823 1257 Veneris
1845 1193 1879 1252 in
1911 1213 1965 1256 an·
2068 1167 2069 1232 l

414 1283 582 1379 utriusque
609 1292 774 1356 historiam
797 1290 980 1376 pertinent,
1008 1291 1159 1355 dicentur
1216 1289 1279 1375 tica
1308 1287 1459 1371 ponitur,
1507 1290 1582 1372 quia
1615 1305 1700 1355 teste
1726 1294 1908 1356 Plutarcho
1935 1297 1963 1373 ²)
2068 1319 2069 1324 ¹

415 1398 456 1460 aal
472 1399 560 1482 ipsos
575 1415 701 1460 numos.

778 1493 797 1531 s

674 1541 693 1578 s
881 1539 900 1580 s

388 1639 391 1646 ,
462 1639 469 1664 .
557 1593 904 1688 L.ntnN1.1.P1t0Q.
928 1595 1035 1678 Caput
1048 1593 1159 1657 Palla·

407 1729 415 1746 ·
558 1701 611 1762 dis
629 1699 768 1760 alatum.
818 1759 824 1770 ,

413 1802 454 1866 L.
473 1799 626 1868 SVLLA.
657 1801 747 1866 IMP.
794 1797 891 1862 Salia
921 1800 958 1862 iu
986 1797 1161 1878 quadrigis

413 1903 671 1984 triumphalibus
687 1903 718 1965 d.
734 1903 931 1974 caduceum,
955 1919 1050 1978 quem
1062 1899 1161 1960 advo·

414 1990 813 2069 lausVictoria'corouat.
835 1999 1020 2068 AVRRR.
1037 1999 1157 2062 Mili.

557 2107 665 2186 Caput
685 2102 837 2166 Palladis
855 2101 1046 2182 galeatum,
1073 2097 1162 2178 quod

555 2207 739 2268 aVirtaria
749 2215 838 2264 retro
847 2213 957 2264 stante
968 2213 1160 2262 coronatur.

414 2307 569 2374 vaLn.
586 2305 675 2368 IMP.
709 2305 805 2367 Sulla
819 2303 1002 2384 paludatus
1019 2313 1114 2363 stans
1129 2321 1156 2364 s.

409 2393 629 2490 parasanium
644 2409 816 2468 dexteram
830 2404 943 2484 jungit
961 2421 1035 2463 cum
1049 2401 1158 2464 milite

414 2510 583 2584 adstante,
600 2521 634 2570 et
648 2530 674 2571 s.
689 2506 822 2568 hastam
837 2514 981 2579 tanente,
997 2521 1084 2584 pane
1101 2521 1159 2562 na·

413 2610 479 2682 vis,
509 2628 609 2689 aaran
629 2607 726 2670 Sulla
747 2621 896 2686 egressus
911 2605 1052 2666 videtur.
1086 2599 1156 2667 Ali.

298 2779 302 2786 1
415 2707 516 2774 nltlt.

556 2808 596 2873 L.
615 2805 768 2875 SVLLA.
795 2805 901 2888 Caput
919 2807 1068 2882 Veneris,
1081 2817 1159 2868 ants

440 2893 442 2899 Α
555 2911 643 2991 quod
665 2909 791 2991 Cupido
813 2921 907 2971 stans
925 2909 956 2969 d·
979 2906 1158 2989 oblongum

549 3013 683 3094 palmae
701 3031 829 3071 narniam
848 3020 947 3072 tenet.

414 3115 561 3177 lMPEli.
580 3111 762 3180 lTERVM.
790 3108 915 3172 Guttus
930 3119 964 3172 et
984 3109 1093 3171 lituus
1108 3107 1159 3170 in·

413 3229 464 3277 ter
477 3215 542 3276 duo
559 3226 704 3294 tropaea.
726 3211 798 3278 AV.
815 3211 915 3271 RRR.
929 3208 1157 3290 (Pemhroelt.)

413 3315 483 3377 AR.
500 3313 535 3375 C.
559 3311 701 3385 Omnes,
719 3322 798 3393 quot
815 3311 972 3388 viderim,
990 3323 1064 3374 suut
1080 3328 1158 3394 ope·

413 3413 461 3476 ris
478 3411 588 3491 rudis,
611 3425 643 3475 et
662 3409 815 3474 videntur
831 3411 904 3478 fusi.
964 3427 967 3436 ’

553 3519 593 3579 Δ.
610 3513 705 3574 ΜΛΝ
721 3545 735 3561 -
750 3545 764 3560 -
779 3545 792 3559 -
825 3515 933 3594 Caput
953 3511 1114 3575 Palladis.

413 3622 451 3686 L.
464 3619 586 3686 SVLL.
605 3613 694 3682 IMP.
724 3615 910 3698 Imperator
928 3633 1026 3692 equas
1045 3611 1157 3694 pacifi-

413 3723 539 3786 catoris
555 3719 683 3781 habitu.
703 3715 785 3782 'AV.
804 3715 934 3776 RRRR.
954 3711 1156 3795 (Pembroels

413 3823 467 3886 tab
485 3821 585 3901 Vill.)
633 3821 670 3880 ln
689 3818 753 3881 alio
779 3836 850 3878 cum
866 3805 979 3876 'simili
1002 3817 1156 3900 utrinque

414 3941 502 4009 typo,
522 3918 662 3984 simodo
680 3931 789 3980 certae
804 3914 891 3992 fidei,
911 3915 1089 3999 epigraphe
1104 3937 1158 3978 an·

412 4027 496 4116 ripae
514 4037 581 4088 est:
603 4019 806 4086 nattum.
823 4005 862 4078 al.
877 4019 915 4081 F.
927 4017 985 4112 Q„
1004 4038 1155 4082 aversae:

414 4129 452 4190 L.
471 4124 626 4194 SVLLA.
652 4117 796 4183 FELIX.
823 4119 908 4184 DlC.
938 4133 972 4182 ct
999 4119 1054 4183 hic
1084 4119 1155 4188 AV.

413 4229 552 4312 (Venuti
568 4224 709 4289 duoden.
729 4221 878 4285 numism.
896 4223 1024 4305 expos.)

478 4333 559 4394 Sunt
572 4327 607 4390 hi
617 4327 684 4417 poli
695 4325 807 4387 Sullae
824 4323 949 4386 denarii
967 4343 1008 4386 eo
1027 4321 1155 4412 vivente

413 4433 574 4518 percussi.
628 4429 759 4490 Primus
798 4423 929 4491 videtur
967 4445 1155 4511 proponere

446 4660 479 4728 a)
498 4655 531 4712 ln
546 4653 626 4731 Sulla
641 4671 670 4727 p.
682 4669 719 4707 m.
735 4649 797 4720 464.

413 4749 448 4824 al)
469 4743 530 4803 Bel.
546 4736 601 4802 civ.¹
618 4751 698 4814 c·9i·
773 4739 803 4809 e)
823 4737 852 4795 iu
868 4735 950 4796 Sulla
964 4755 993 4813 p.
1005 4742 1067 4803 464.
1083 4753 1090 4758 ·

944 4646 978 4719 b)
1000 4649 1036 4704 da
1053 4652 1172 4709 Fortun.
1187 4649 1272 4708 Rern.
1285 4669 1352 4728 pag.
1363 4662 1423 4716 ste.

1216 1392 1375 1466 Martem,
1402 1391 1597 1470 Fortunam,
1636 1397 1793 1459 Venerem
1823 1407 1964 1478 tropaeo
2068 1367 2069 1436 Ξ

1216 1491 1390 1586 inscripsit.
1444 1491 1573 1576 Cupido
1610 1514 1685 1558 cum
1722 1496 1830 1580 palma
1865 1495 1964 1559 tacite
2068 1527 2069 1560 t

1216 1577 1385 1688 Venerem
1411 1593 1592 1662 Victricem
1633 1609 1733 1660 notat.
1795 1597 1841 1658 Et
1883 1617 1965 1660 sero

1216 1693 1300 1758 hano
1333 1694 1502 1759 referente
1530 1696 1710 1759 Plutarcho
1734 1695 1766 1778 ¹³)
1806 1698 1965 1782 singulari

1218 1796 1307 1858 cultu
1327 1810 1521 1879 prosecutus
1539 1817 1574 1860 se
1597 1817 1639 1860 ex
1654 1797 1725 1878 ejus
1742 1801 1877 1862 nomine
1901 1799 1965 1860 Es·
2068 1843 2069 1862 .

1217 1890 1394 1976 appuimus,
1422 1898 1510 1984 quod
1532 1898 1650 1960 Latiae
1671 1913 1822 1964 verteres
1852 1903 1963 1964 Venu-

1215 2011 1321 2075 stum,
1343 1999 1541 2082 appellavit.
1565 1999 1676 2066 Verba
1694 1999 1765 2084 ejus
1780 2013 1876 2080 suut:
1900 2023 1965 2074 τοις

1218 2095 1254 2162 δε
1265 2099 1407 2176 Eunoen
1422 2095 1649 2184 ὖτωςέιγςαψεε
1666 2098 1783 2194 Aeaeos
1793 2101 1964 2182 Κορνηλιος
2068 2167 2069 2172 ,

1215 2197 1350 2274 Συλλας’
1370 2192 1605 2281 Επαφςοδιτος,
1625 2223 1676 2264 sue
1694 2225 1737 2263 sa
1753 2201 1824 2282 παρ’
1843 2201 1962 2287 siparis

1214 2299 1388 2384 Xasgomp
1402 2321 1542 2381 τροπαια,
1567 2323 1617 2366 aas
1627 2325 1669 2363 aa
1684 2324 1742 2366 rur
1758 2298 1966 2386 Μιθριδατι-

1213 2421 1268 2464 aus
1286 2399 1611 2487 irofinreprrpgaassue.
1638 2407 1700 2468 Ad
1722 2404 1872 2470 Graecos
1886 2427 1964 2470 cero

1214 2503 1265 2567 sic
1290 2505 1445 2586 scripsit:
1475 2503 1516 2565 L.
1539 2505 1712 2568 Cornelius
1733 2506 1832 2571 Sulla
1855 2511 1967 2572 Versu·

1214 2618 1305 2680 stus,
1327 2616 1362 2666 at
1383 2616 1536 2688 tropaea,
1565 2627 1641 2669 cum
1668 2628 1753 2687 qaae
1782 2609 1875 2691 apud
1900 2631 1966 2673 nos

1215 2715 1295 2767 sunt
1314 2705 1539 2784 Cheronaeae,
1563 2720 1634 2770 tam
1654 2709 1893 2773 Mithridation
1915 2715 1965 2774 sic

1215 2806 1477 2888 inscriptasunt.
1511 2805 1666 2891 Adoptati
1682 2809 1778 2892 hujus
1795 2813 1965 2894 cognomi-

1214 2907 1265 2968 nis
1282 2906 1463 2972 meminere
1481 2907 1578 2972 etiam
1590 2908 1758 2974 Diodorus
1772 2913 1906 2976 Siculus
1923 2917 1963 2996 ο),

1216 3001 1431 3088 et'llppiauus
1455 3007 1498 3094 d).
1537 3010 1637 3073 neeis
1651 3011 1757 3090 idem,
1779 3014 1909 3080 Veneri
1922 3015 1961 3079 ab

1215 3099 1335 3171 eudem
1357 3108 1442 3176 doun
1464 3113 1563 3176 missa
1585 3111 1694 3178 addito
1715 3113 1963 3198 epigrammate,

1215 3207 1368 3274 dedicare
1405 3231 1443 3275 ea
1474 3213 1601 3280 Veneri
1631 3213 1754 3276 Sullam
1785 3217 1964 3300 imperato-

1213 3330 1302 3389 rem,
1329 3311 1526 3393 quodillam
1544 3313 1723 3378 secuudum
1746 3317 1895 3400 quietem
1918 3323 1964 3384 vi-

1214 3409 1307 3473 derat
1334 3413 1455 3476 milites
1478 3415 1673 3490 obeuntem,
1705 3417 1811 3504 iisque
1833 3423 1962 3488 Martiis

1214 3511 1358 3575 indutam
1407 3517 1505 3580 armis
1552 3518 1742 3583 immixtam.
1802 3525 1962 3611 Reliqua,

1214 3633 1298 3699 quae
1325 3615 1365 3679 ad
1395 3615 1458 3682 hoc
1481 3613 1679 3700 Enapeoiaa
1700 3641 1831 3690 ,nomen
1861 3628 1962 3710 perti·

1214 3729 1310 3794 nent,
1340 3739 1416 3781 mox
1438 3719 1523 3784 inira
1548 3721 1589 3784 ad
1611 3742 1733 3788 nomen
1755 3727 1883 3792 Felicis
1904 3749 1965 3792 no·

1213 3817 1300 3880 tabo.
1343 3819 1424 3884 Bina
1449 3834 1583 3906 tropaea
1608 3826 1710 3907 partis
1737 3846 1874 3892 anemae
1907 3829 1963 3893 ale·

1214 3932 1327 3982 notant
1353 3919 1444 3986 binas
1471 3923 1641 4003 victorias,
1674 3947 1754 4010 quas
1775 3929 1816 3996 V.
1839 3931 1876 3996 C.
1901 3931 1963 4009 tat-,-

1215 4019 1257 4084 de
1284 4021 1449 4085 Archelao
1473 4025 1669 4092 Mithridatis
1696 4028 1782 4092 duce
1807 4029 1849 4092 etl
1874 4031 1965 4092 Thu·

1213 4123 1297 4186 rium
1331 4138 1492 4202 montem,
1533 4139 1567 4191 et
1597 4129 1631 4190 in
1666 4130 1788 4214 campis
1819 4132 1965 4198 Chaero-

1212 4225 1368 4288 ncusihus
1395 4227 1525 4306 retulit,
1555 4231 1729 4315 exquibus
1747 4245 1781 4295 et
1799 4231 1876 4298 bins
1895 4249 1964 4300 tro-

1213 4349 1292 4410 paea
1319 4327 1419 4390 luisse
1449 4343 1560 4394 erecta
1592 4353 1632 4396 ex
1655 4333 1834 4398 Plutarcho
1867 4333 1966 4401 ‹lisoi-

1214 4450 1284 4492 mus
1308 4432 1350 4513 t).
1393 4429 1445 4493 Ex
1465 4431 1603 4513 geminis
1619 4433 1670 4497 his
1689 4433 1836 4518 victoriis
1860 4437 1965 4502 fuisse

1571 4659 1602 4729 c)
1621 4655 1653 4715 L.
1664 4653 1809 4720 mvn.
1823 4656 1920 4736 eclog.
1933 4673 1961 4722 2.
