4254 5494
416 587 488 654 300
1073 503 1442 638 'SATRlENVQ

410 741 523 804 -Para
516 757 628 802 aversa
660 733 826 819 praedicat
855 730 951 796 laica
974 729 1160 796 caecularea
1214 743 1287 793 tam
1304 730 1432 808 habitu,
1461 729 1712 796 denuntiantem
1731 725 1857 817 popolo
1874 733 1969 798 ludo-

415 842 455 904 ab
475 842 620 922 Augusto
646 835 849 910 celebratos,
881 835 923 896 de
945 833 1061 918 quibua
1085 853 1160 917 agc-
1216 853 1291 893 rum
1312 833 1527 898 caerularium
1554 831 1713 897 solennia.
1743 835 1868 902 Narrat
1883 835 1968 902 Sue·

378 975 380 980 ·
414 959 468 1008 tur
486 943 521 1004 in
541 941 636 1022 hujus
651 937 758 999 numia
782 935 823 1000 atl
844 935 1020 1002 annumV.
1031 915 1072 997 ll.
1083 935 1157 1018 737,
1216 933 1324 996 tonica
1340 937 1387 1016 ⁸)
1406 937 1497 1016 secit
1517 946 1551 997 et
1576 935 1844 998 saeculares·-
1828 955 1966 1018 ·quara

406 1063 479 1129 .quo
501 1043 564 1106 acti
598 1041 703 1104 fuere.
747 1037 825 1100 Eait
854 1057 938 1120 ergo
961 1035 1157 1118 Sanquinius
1214 1054 1282 1098 aaa
1299 1035 1607 1100 PRAECONIS
1592 1039 1695 1099 irrisa
1713 1047 1765 1100 est
1781 1039 1963 1103 inritantia

288 1161 292 1176 ’
407 1158 528 1210 notter
547 1141 606 1206 illo
628 1159 713 1220 anno
735 1136 832 1204 lllrir
858 1133 1043 1200 monetalis.
1085 1135 1161 1200 Hoc
1216 1157 1308 1200 marc
1329 1137 1459 1200 solenni
1480 1141 1525 1200 ad
1542 1137 1640 1200 ludas
1657 1151 1719 1200 ata.
1763 1137 1891 1202 Similia
1912 1159 1966 1203 re·

412 1262 522 1311 tamen
539 1245 613 1308 loco
629 1240 792 1328 agentium
815 1250 866 1304 cat
886 1237 928 1301 da
944 1235 1159 1301 insolentiore
1216 1237 1283 1300 sert
1300 1237 1510 1302 Herodianus
1525 1257 1630 1322 vtigerne
1647 1237 1690 1303 (le
1717 1237 1805 1303 ludia
1823 1243 1966 1305 caecula·

410 1368 548 1414 aversae
582 1360 671 1430 typo.
713 1341 830 1412 Vtrum
860 1359 905 1404 eo
936 1339 1049 1416 cultu,
1083 1357 1159 1424 qua·
1214 1339 1305 1402 ribus
1329 1341 1492 1404 aSerero
1510 1338 1625 1421 iactia3
1653 1339 1809 1403 nimirum
1831 1361 1895 1424 per
1912 1364 1965 1404 ur·

410 1451 479 1513 iem
504 1447 754 1532 descripsimua,
776 1439 928 1526 plerique
951 1427 1157 1504 sacerdotem
1213 1439 1343 1505 heman
1363 1439 1600 1504 Italiamiriaac
1617 1461 1809 1523 praeconat,
1829 1444 1962 1506 hortan-

409 1551 538 1614 fialium
571 1567 645 1612 erac
680 1545 855 1611 adfirmant
900 1539 1076 1616 sacerdotii
1110 1541 1161 1604 aui
1217 1556 1286 1622 tea,
1295 1527 1473 1620 venirent,
1489 1540 1661 1620 viderent,
1679 1562 1761 1626 qnae
1780 1563 1845 1608 neo
1866 1543 1963 1609 vidia·

415 1653 567 1736 clypeum
590 1649 701 1714 ancile
730 1659 921 1733 gestantem.
970 1645 1015 1707 At
1041 1643 1200 1708 ancilia
1217 1645 1472 1720 aenthactenua,
1494 1643 1675 1709 necvianri
1694 1659 1815 1712 catcnt.
1840 1645 1964 1710 Similia

412 1754 551 1816 multam
591 1752 721 1818 direraa
745 1750 841 1813 suero
873 1747 996 1825 ferma,
1018 1759 1055 1810 ut
1083 1763 1160 1811 con·
1217 1765 1339 1831 praeco
1356 1743 1614 1810 occurritetiam
1633 1747 1673 1808 in
1690 1745 1835 1811 denariia
1852 1747 1966 1810 Domi·

408 1869 479 1920 atat
500 1875 542 1918 cx
570 1853 712 1918 denariis
736 1849 858 1916 Licinii
881 1848 1045 1926 Stolonia,
1074 1847 1161 1911 aliia·
1216 1849 1295 1911 tiani
1306 1847 1486 1932 inscriptis:
1507 1845 1601 1911 008.
1610 1847 1712 1914 11111.
1725 1849 1830 1918 LVD.
1841 1847 1963 1912 SAEC.

416 1979 480 2042 que
518 1953 746 2021 monumentis.
794 1951 847 2016 Ad
885 1952 966 2016 haec
997 1950 1160 2014 Saliorum
1213 1949 1332 2028 FEC„
1368 1963 1596 2035 praeterquam
1619 1949 1709 2035 qnod
1731 1970 1796 2036 pro
1819 1947 1965 2015 caduceo

414 2081 480 2122 non
506 2071 576 2121 erat
601 2076 717 2121 curare
741 2053 837 2117 ludos
862 2053 1064 2128 saeculares,
1100 2049 1160 2114 aad
1213 2063 1474 2137 -aceptaurn,.aut
1490 2051 1642 2116 baculum
1657 2063 1777 2136 portat.
1886 2085 1895 2104 ·

415 2161 624 2227 xvvirorum
654 2155 756 2220 aacria
789 2153 959 2218 inciundia.
1007 2152 1075 2214 Atii
1095 2152 1162 2215 tta-

407 2261 533 2324 cialern
564 2261 721 2322 maluere.
765 2255 834 2320 Sed
859 2273 966 2339 neque
988 2251 1029 2316 ai
1049 2252 1162 2318 Facia-

415 2359 466 2425 lea
511 2361 727 2424 aaeoularn'um
773 2370 947 2442 apparatur
990 2355 1161 2440 pertinuit.
1280 2345 1621 2445 M.SANQv1N1VS.
1644 2353 1686 2452 Q.
1717 2299 1908 2426 mtlvttt.
1925 2357 1964 2420 Δ.

415 2461 540 2529 Verior
560 2462 663 2526 multo
693 2480 813 2524 eorum
837 2457 1015 2536 sententia,
1053 2457 1161 2522 eritli-
1218 2458 1256 2519 A.
1273 2456 1314 2524 A.
1338 2457 1377 2524 F.
1400 2458 1472 2526 F.
1462 2479 1497 2520 ιιι
1524 2458 1684 2526 aeneial.
1711 2471 1744 2522 et
1765 2459 1805 2524 ΙΙ.
1837 2457 1963 2525 iormaa

413 2563 591 2639 mantiam,
626 2581 700 2625 aare
724 2579 923 2644 praeconem
953 2580 1047 2625 aucro
1064 2558 1162 2624 indu-
1213 2576 1293 2623 cam
1307 2559 1420 2645 capite
1438 2559 1588 2646 Augusti.
1607 2561 1650 2626 C.

901 2867 1413 2968 „aararcaru

477 3072 625 3136 Eraclia
643 3071 753 3134 numia
773 3069 939 3154 cognitas,
964 3070 1038 3137 noti
1052 3082 1161 3134 tamen
1224 3071 1332 3134 Marti
1377 3074 1570 3155 specialiter
1607 3085 1835 3138 consecratum
1880 3087 1964 3137 erat.

412 3173 531 3251 Sutrii,
562 3197 580 3236 a
607 3173 723 3256 quibua
747 3173 878 3239 ridetur
903 3168 1018 3234 duetus
1040 3172 1162 3236 sutria.
1217 3171 1359 3255 Propius
1379 3173 1445 3238 hec
1463 3171 1623 3256 pertinet,
1650 3175 1741 3258 quod
1766 3173 1916 3240 refertar
1931 3175 1965 3238 in

415 3299 496 3351 nur,
522 3289 558 3338 ut
576 3297 594 3338 a
610 3273 745 3338 Nasidio
768 3273 982 3352 Nasidianae,
1012 3274 1053 3338 ab
1071 3273 1159 3338 attia
1222 3274 1361 3355 Origine
1376 3277 1491 3355 gantis
1511 3276 1553 3340 li.
1590 3276 1729 3340 Aurelio
1747 3276 1878 3344 Victori
1897 3275 1966 3344 rul-

416 3376 566 3438 Allienaa
585 3387 649 3439 etc.
862 3399 871 3420 ι
1212 3391 1260 3456 go
1276 3373 1413 3452 tributa,
1434 3377 1546 3457 lupam
1567 3377 1720 3442 Martiae
1738 3401 1809 3442 esse
1827 3379 1964 3452 tutelae,

560 3477 668 3556 Caput
688 3474 833 3552 juvenile
857 3475 1048 3556 galeatum,
1078 3496 1164 3556 parte
1220 3477 1326 3536 Marte
1346 3475 1475 3560 insigne
1502 3477 1585 3540 iliud
1613 3476 1812 3544 beneficium
1845 3497 1965 3562 repen·

557 3578 726 3638 variantes
744 3587 843 3638 notae
860 3576 1101 3641 arithmeticae.
1221 3575 1330 3654 dente,
1348 3577 1436 3662 quoti
1452 3599 1489 3642 ea
1503 3579 1569 3641 auia
1580 3599 1626 3642 ex
1636 3579 1730 3642 Rhea
1745 3579 1898 3662 gemellis
1915 3581 1964 3644 lac

414 3683 453 3746 P.
472 3677 729 3748 SATRIENVS.
772 3677 869 3760 Lupa
888 3677 1058 3760 gradiens.
1091 3679 1161 3740 att.
1218 3678 1383 3762 praebuit.
1406 3681 1488 3742 Eam
1504 3699 1719 3744 eaaeoauaam
1736 3694 1826 3765 puto,
1842 3683 1965 3745 carla-

416 3783 453 3845 C.
1218 3801 1279 3862 pua
1288 3779 1431 3863 Virgilio
1449 3779 1576 3845 dicatur
1592 3783 1742 3846 Martias
1758 3784 1806 3864 α),
1829 3793 1863 3845 et
1879 3779 1963 3864 apud

481 3883 586 3966 Caput
601 3879 727 3944 amicae
746 3879 803 3942 alii
820 3876 951 3955 Martia,
979 3877 1036 3941 alii
1058 3879 1163 3944 Pulla·
1218 3881 1348 3947 Livium
1371 3881 1419 3964 τι)ι
1458 3881 1538 3944 irinc
1562 3885 1672 3946 victor
1695 3883 1845 3946 Martiae
1868 3883 1967 3965 lapus

416 3983 469 4048 dia
484 3996 607 4069 putant.
642 3979 747 4045 Certa
770 3977 898 4043 Palladi
921 3979 1024 4062 magia
1050 3979 1163 4046 favent
1218 3987 1330 4064 gentis
1344 4004 1404 4046 aas
1419 3977 1588 4060 Martiae,
1608 3993 1642 4046 et
1656 3983 1841 4049 conditoris
1858 3987 1965 4048 nostri

418 4089 614 4152 lineamenta
637 4082 789 4147 delicata.
837 4081 895 4144 Sin
911 4073 1001 4145 Mara
1020 4094 1091 4159 est,
1116 4081 1163 4146 iu·
1221 4085 1404 4147 admonuit.
1434 4085 1538 4149 Recte
1556 4084 1657 4170 igitur
1672 4083 1755 4148 tiixit
1768 4084 1964 4150 Laurentina

417 4189 483 4253 cilo
517 4207 591 4252 eum
615 4185 679 4252 hoc
711 4181 900 4260 conciliabit
929 4181 1037 4269 lupam
1061 4184 1162 4269 partia
1220 4182 1332 4266 Lydus
1365 4186 1394 4268 θ)
1448 4185 1522 4263 Aeac
1550 4191 1696 4272 συμβιλιι
1724 4183 1835 4264 αἶπος,
1879 4183 1964 4250 Ηλιι

416 4311 564 4356 arettae.
595 4289 696 4353 Teate
715 4287 852 4352 Alarico
866 4283 900 4368 ιι)
919 4299 997 4349 anta
1015 4287 1162 4350 Martem
1220 4291 1355 4364 λειιτις,
1380 4285 1483 4366 Areua
1500 4295 1604 4366 λωιος,
1619 4287 1706 4376 Erpa
1722 4281 1899 4372 laerones,
1911 4289 1964 4352 Ia·

418 4394 516 4472 lupas
542 4414 634 4456 avem
661 4405 802 4474 portans
824 4389 1043 4474 pingebatur,
1079 4391 1160 4470 quic
1217 4392 1271 4452 cis
1290 4389 1475 4473 symbolam
1490 4405 1541 4456 est
1565 4393 1699 4470 aquila,
1734 4391 1826 4456 Solis
1842 4391 1962 4468 leonas,

416 4493 505 4557 illud
518 4493 651 4555 animai
664 4495 706 4556 ab
724 4496 872 4574 antiquis
890 4491 1074 4574 gentilibus
1094 4493 1160 4571 ipsi
1218 4491 1346 4554 Martis
1361 4493 1469 4572 lapus,
1490 4491 1654 4555 Mercurii
1667 4507 1845 4575 serpentes.

450 4719 481 4788 a)
502 4713 536 4772 lu
552 4711 657 4770 Claud.
673 4728 754 4775 ott.
835 4715 871 4789 li)
892 4717 973 4772 door.
992 4716 1078 4792 imag.
1092 4727 1158 4780 ιι.5.
1232 4719 1263 4786 c>
1284 4711 1496 4794 ιιιιι.ΙΧ.5ῠῡ.Ι
1566 4711 1599 4768 dt
1621 4715 1652 4772 1..
1666 4713 1700 4773 X.
1718 4727 1796 4779 etr.
1873 4717 1961 4790 e)de

325 4803 340 4826 ⁸
415 4801 540 4861 lleurib.
557 4801 589 4862 P.
602 4803 622 4861 1.
638 4817 697 4866 er.
