4180 5484
430 597 494 662 128
1036 573 1350 649 CORNELIA.

426 747 527 832 magis
569 743 785 828 praeferende
827 741 926 807 lectio
969 745 1168 810 LENTuius
1224 767 1281 810 eus
1304 743 1408 806 frater
1434 742 1537 826 major
1560 743 1704 828 legatum
1727 762 1762 806 se
1792 763 1868 808 cum
1906 747 1963 809 ire·
2056 771 2057 790 ι

424 848 600 909 nlaltcetti
621 847 750 923 Filius,
780 846 852 930 ipso
871 845 1033 910 Cicerone
1060 848 1170 912 lacem
1223 861 1275 910 tre
1291 845 1424 924 consule
1446 845 1566 908 iturum
1586 847 1621 908 in
1637 859 1750 909 senatu
1766 845 1904 912 dixisset
1925 847 1963 930 b).
2056 897 2057 900 ,

426 950 654 1033 praeferente,
677 947 731 1032 qui
754 948 849 1011 nobis
867 949 942 1012 loco
965 949 1062 1013 eitat'o
1080 953 1168 1013 Len«
1223 945 1352 1012 Eodem
1375 968 1459 1010 anno
1478 947 1567 1010 victo
1594 948 1635 1012 ad
1661 949 1863 1032 Magnesiam
1883 951 1964 1034 Syro
2056 999 2057 1020 ι

425 1053 528 1114 tulum
550 1049 702 1112 Marcelli
722 1048 823 1112 lilium
853 1047 976 1113 diserte
1002 1071 1168 1116 common·
1223 1063 1258 1113 et
1273 1048 1316 1112 ed
1333 1069 1446 1133 paoem
1463 1049 1595 1126 adacto,
1610 1051 1702 1134 ipse»,
1719 1073 1760 1113 ne
1777 1055 1967 1134 cognomini
2056 1097 2057 1152 ,

424 1167 515 1224 strat.
562 1149 764 1214 Sententiam
792 1171 896 1214 meam
919 1151 1039 1243 invicte
1072 1153 1168 1215 stobi·
1211 1153 1342 1236 frueris
1364 1153 1506 1228 cederet,
1522 1154 1730 1216 ¹Asiaticum
1751 1175 1788 1214 se
1807 1155 1968 1236 appellari
2056 1165 2057 1224 t

422 1257 507 1318 liunt
520 1253 611 1316 numi
634 1251 782 1335 inscripti
800 1254 1000 1320 ALBINVS.
1018 1255 1167 1322 BRVTl.
1224 1256 1348 1329 voluit,
1387 1265 1422 1316 ut
1457 1252 1502 1315 eit
1534 1253 1663 1332 Livius,
1696 1254 1753 1339 qni
1782 1267 1854 1317 toto
1883 1253 1966 1316 libro
2056 1265 2057 1298 l

424 1359 483 1432 F..
509 1355 662 1416 nimirum
679 1365 716 1414 ut
735 1352 862 1415 dicetur
883 1353 917 1416 in
943 1367 1041 1436 gente
1059 1357 1167 1432 Ionis,
1224 1354 1388 1420 xxxvu.
1411 1353 1533 1416 bellum
1554 1351 1641 1418 istud
1662 1377 1700 1420 ec
1723 1356 1884 1440 miumphi
1908 1379 1968 1420 me·
2056 1395 2057 1436 3

424 1459 465 1518 D.
484 1459 604 1518 Brutus
635 1455 675 1518 eb
711 1455 752 1517 Δ.
772 1454 940 1518 Postumio
968 1457 1089 1520 Albino
1114 1458 1169 1520 nd·
1225 1455 1444 1538 gnificentiem
1490 1454 1656 1520 describit.
1707 1459 1844 1522 Portum
1879 1457 1968 1520 bello
2056 1441 2057 1524 l

426 1571 553 1640 optatus
580 1555 675 1636 hujus
706 1555 782 1638 lege
809 1555 991 1639 adoptionis
1016 1579 1053 1620 ae
1087 1557 1169 1620 dixit
1225 1575 1410 1638 cognomen
1425 1556 1460 1617 hi
1474 1578 1604 1642 quoquc
1620 1558 1745 1622 deosrii
1765 1557 1967 1630 confimat,

426 1658 600 1732 Albinum,
626 1671 658 1718 at
682 1670 854 1740 praeterea
871 1658 966 1720 Bruti
986 1656 1108 1738 filium,
1135 1673 1169 1723 ut
1225 1679 1291 1720 non
1329 1671 1439 1721 temen
1467 1659 1537 1722 sine
1576 1659 1781 1724 eruditorum
1811 1661 1969 1724 dissensu.
2056 1657 2057 1682 ¹

426 1761 517 1841 cujus
540 1771 628 1822 esset
653 1759 739 1822 lilius
758 1773 889 1837 natura,
915 1761 1168 1846 intelligeretur.
1225 1760 1362 1842 Pighius
1390 1781 1466 1823 cum
1499 1761 1629 1836 insuia
1657 1763 1795 1828 Astnc.
1828 1763 1972 1846 legeret,
2056 1783 2057 1818 t

426 1862 596 1928 Contende
614 1881 688 1924 cum
704 1861 768 1924 hoc
787 1861 1018 1925 Albininurno
1036 1885 1169 1926 numum
1227 1861 1350 1924 dictum
1368 1860 1491 1946 putavit
1506 1863 1672 1926 Ariorum
1687 1867 1728 1947 e).
1750 1865 1881 1932 Vernus
1897 1865 1972 1926 alias

425 1967 559 2030 Lentuli
579 1967 699 2042 nostri,
729 1976 763 2026 et
779 1963 862 2025 nihil
880 1966 1045 2048 supererit
1068 1965 1170 2032 dubii.
1227 1961 1384 2038 diximus,
1414 1978 1546 2028 veteres
1567 1967 1733 2029 Romanos
1754 1963 1791 2030 iu
1812 1966 1972 2050 scriptura

426 2069 553 2131 Eodem
581 2067 680 2130 modo
706 2065 741 2126 in
762 2086 924 2129 marmore
948 2068 1095 2128 Reinesii
1122 2067 1169 2130 le·
1225 2084 1323 2147 saepe
1361 2065 1387 2125 C
1425 2078 1459 2126 et
1494 2065 1524 2126 G
1561 2081 1776 2150 permutasse.
1809 2065 1973 2130 ·Norellii

427 2172 537 2255 giturs
576 2171 615 2234 P.
639 2167 905 2232 CORNELIVS.
944 2168 1088 2234 PAVLI.
1129 2167 1169 2233 F.
1225 2165 1376 2229 iconiensi
1402 2185 1517 2230 omnes
1546 2167 1669 2232 hahent
1688 2169 1800 2234 Asin.
1825 2167 1869 2234 G.
1897 2189 1973 2252 pun·
2056 2203 2057 2280 p

429 2269 583 2336 SClPlO.
605 2269 852 2336 AFRICANVS
869 2271 910 2350 ⁸).
931 2270 1059 2351 Typum
1078 2289 1170 2332 arer-
1225 2282 1279 2330 cte
1319 2269 1519 2332 elementum
1558 2269 1590 2330 G
1628 2270 1870 2352 praecedente,
1911 2289 1973 2354 qno

428 2397 482 2440 sac
522 2395 635 2437 sensus
667 2369 860 2455 perobscuri
898 2369 1064 2452 explicare
1102 2391 1169 2433 non
1226 2389 1308 2433 vero
1334 2370 1363 2432 is
1386 2371 1485 2434 modo
1516 2370 1719 2456 epigraphen
1746 2371 1832 2458 hope
1864 2372 1975 2455 exple·

428 2489 531 2538 tento.
577 2473 627 2534 hd
655 2473 748 2554 cujus
778 2471 919 2553 palatum
947 2471 1070 2535 faciunt
1094 2493 1172 2536 oon·
1226 2471 1331 2548 verit,
1364 2463 1502 2557 ignoro,
1542 2492 1650 2556 neque
1678 2493 1885 2557 magnopere
1911 2493 1974 2536 mo·
2056 2447 2057 2510 i

429 2580 573 2658 jecturae
602 2575 700 2656 longe
720 2572 860 2654 petitae,
886 2573 984 2638 adest
1005 2577 1170 2636 notos-ll-
1226 2592 1303 2646 ror,
1332 2573 1456 2635 cumin
1474 2563 1696 2656 integerrimis
1718 2588 1847 2658 septem
1874 2591 1911 2640 et
1936 2577 1976 2640 vi·

429 2663 527 2740 viros.
1225 2673 1305 2756 ginti
1326 2675 1433 2736 nornis
1454 2677 1559 2740 mosei
1585 2677 1738 2741 Caesarei
1771 2675 1975 2741 luculentum

685 2823 704 2858 „
788 2773 808 2811 ⁴⁶
890 2821 910 2858 3
1222 2773 1354 2856 legator
1373 2777 1514 2840 Astus.
1538 2779 1592 2845 vet
1617 2778 1755 2840 ASIAC.
1778 2779 1872 2842 nullo
1898 2803 1975 2864 pnn-

1226 2875 1269 2937 uti
1284 2879 1440 2963 vestigio,
1462 2901 1528 2964 quo
1547 2880 1631 2944 adeo
1651 2881 1726 2943 loco
1748 2881 1901 2944 Morellii
1923 2903 1975 2944 no

1228 2985 1293 3038 tem
1324 2979 1570 3044 adcurationem
1603 2981 1770 3047 desidero.
1820 2983 1859 3044 ld
1886 3003 1976 3050 roce-

1228 3078 1340 3142 bulum
1354 3081 1549 3148 hauddubie
1560 3083 1768 3146 AsmGenes
1778 3083 1973 3168 legendum:

1230 3203 1303 3256 pam
1323 3183 1455 3262 Livius,
1484 3188 1539 3270 qui
1564 3185 1642 3248 loeo
1661 3187 1887 3268 supracitato
1911 3190 1977 3252 Sci·

684 3287 704 3326 ὓ
892 3290 913 3326 ¹*
1080 3291 1085 3298 '
1231 3283 1361 3366 pionem
1379 3283 1465 3350 hunc
1481 3289 1676 3349 Asiaticum
1697 3301 1810 3363 vocet,
1834 3290 1977 3352 eundem

433 3385 544 3465 Scipio
559 3380 666 3467 gentis
677 3381 846 3466 patriciae.
1229 3381 1315 3448 infra
1339 3389 1546 3472 Asiagenem
1570 3387 1674 3451 dicitu·
1694 3391 1731 3452 in
1751 3395 1910 3470 equitatu
1934 3413 1980 3452 rc·

596 3485 704 3567 Caput
717 3486 923 3562 laureatum,
944 3477 981 3548 in
1000 3505 1081 3548 urea
1100 3488 1175 3550 iite-
1229 3491 1454 3568 cognoscendo
1468 3489 1508 3554 L.
1523 3489 1673 3570 Scipioni
1683 3491 1859 3573 Asiageni
1871 3496 1980 3556 udent-

593 3585 857 3668 receptabat,
880 3591 912 3649 si
927 3607 993 3650 nen
1008 3587 1173 3652 moenem
1225 3599 1306 3668 ptus
1322 3609 1425 3668 equus
1439 3588 1482 3670 d).
1505 3591 1557 3653 De
1571 3611 1636 3674 quo
1655 3591 1730 3656 vide
1746 3592 1843 3676 plum
1857 3593 1893 3656 in
1909 3593 1982 3658 enh·

595 3689 632 3749 in
647 3708 774 3751 eversu.
1227 3687 1322 3771 jectis
1335 3689 1415 3753 “huic
1430 3691 1568 3754 Liviana
1590 3691 1668 3756 loco
1687 3693 1899 3758 eruditorum
1924 3717 1983 3760 no

430 3796 473 3856 L.
493 3791 598 3872 SClP.·
616 3789 756 3854 Aetne.
786 3787 937 3872 Iuppiter
952 3793 1187 3880 inuitisque-¹
1230 3789 1284 3855 tis.
1326 3789 1393 3853 Sed
1418 3793 1450 3852 in
1476 3793 1642 3876 epitaphio
1663 3796 1826 3859 mausolei
1853 3799 1984 3884 Scipio-

433 3897 540 3977 drr'gis
557 3895 587 3956 d.
595 3893 732 3976 fulmen
747 3890 874 3967 vibrat,
891 3913 919 3955 s.
938 3903 1113 3976 sceptrum,
1137 3895 1173 3956 in
1229 3913 1306 3953 num
1350 3913 1457 3976 super
1494 3895 1619 3958 Romae
1662 3899 1791 3981 reperti
1834 3899 1982 3984 legitur:

433 4015 513 4058 areu
529 3996 632 4056 litera
647 3993 832 4075 alphabeti,
855 3996 887 4056 si
901 4013 967 4055 non
981 3994 1122 4056 habetur
1137 3997 1175 4058 in
1224 3993 1493 4060 CORNELIVS.
1532 3997 1571 4076 L.
1604 3996 1643 4064 F.
1677 3999 1718 4060 L.
1750 4001 1792 4064 N.
1823 4001 1984 4067 semo.

434 4099 559 4160 antioc·
582 4095 665 4158 Sunt
680 4085 797 4158 serrati
816 4114 950 4169 omnes,
970 4105 1004 4156 et
1019 4094 1059 4159 (ἶ.1
1229 4091 1487 4164 ASIAGENVS.
1516 4096 1680 4164 Videntur
1694 4102 1788 4165 numi
1806 4103 1843 4166 hi
1861 4105 1984 4190 signati

495 4191 556 4262 Est
579 4197 632 4261 hic
657 4199 705 4262 L.
721 4196 895 4260 Cornelios
918 4195 1029 4279 Scipio
1058 4195 1174 4259 consul
1230 4217 1272 4262 er
1297 4197 1397 4264 divite
1420 4197 1539 4282 praeda
1562 4221 1606 4264 eo
1628 4201 1720 4266 bello
1741 4219 1859 4292 cepte,
1889 4221 1932 4272 ut
1952 4208 1987 4269 in

435 4305 474 4368 V.
497 4303 533 4365 C.
565 4298 644 4376 564,
685 4300 738 4362 cui
771 4298 911 4383 populus
942 4310 1010 4360 tum
1042 4297 1174 4362 demum
1231 4299 1416 4364 donativum
1439 4300 1534 4364 militi
1554 4302 1730 4383 cederent,
1754 4307 1808 4370 cui
1830 4329 1987 4394 megrim

368 4390 370 4398 ¹
428 4403 621 4476 Graeciam,
667 4400 857 4484 bellumque
902 4420 976 4464 com
1011 4401 1174 4464 Antiocho
1231 4402 1520 4486 posttriumphurn
1540 4420 1707 4490 erogatam
1726 4411 1904 4492 pecunioso
1923 4425 1990 4474 tn·

434 4511 479 4572 tt.
501 4501 683 4588 gerendum
703 4501 867 4579 decrevit,
892 4520 965 4565 cum
992 4503 1031 4567 P.
1050 4501 1175 4566 Africa·
1231 4500 1279 4563 dit
1294 4499 1414 4567 Livius.

430 2921 596 2985 Lentulus
611 2917 743 3000 Lupus,
766 2915 857 2998 cujus
875 2916 998 2980 mentio
1014 2915 1048 2979 in
1064 2919 1169 2980 nomio

429 3023 558 3086 Cretae.
601 3019 686 3087 Vide
715 3021 950 3116 prolegomepa
983 3018 1027 3085 ad
1054 3040 1170 3084 numos

430 3126 525 3208 liujus
544 3123 679 3190 insulae.

470 4735 500 4802 n)
521 4727 919 4805 Syntngsn.'l'om.1.ps409.
992 4725 1029 4800 b)
1044 4725 1106 4785 Cic.
1122 4723 1197 4786 l’hil.
1211 4723 1260 4781 XI.
1338 4725 1369 4795 c)
1389 4723 1669 4803 Tom.ll.pag.293.
1751 4733 1991 4804 annm,

435 4835 512 4886 cat-l·
