4212 5516
618 621 653 694 N
661 611 785 697 VM1³
803 619 917 697 CON
925 621 1199 702 SVLARES.

201 787 320 848 Forma
350 787 647 872 antiquissimorum
678 789 774 872 hujus
804 790 884 854 clas·

139 885 183 950 sis
204 907 394 964 nnmerum,
428 888 566 972 perinde
592 910 629 954 ac
652 889 810 966 aliorum,
833 901 884 953 est

137 987 286 1052 rotunda.
325 989 494 1052 Passerius
518 1003 627 1054 tamen
645 992 733 1054 inter
749 1009 881 1068 numos,

138 1101 172 1151 et
190 1087 224 1149 in
246 1089 329 1153 hauc
352 1090 489 1154 classem
508 1093 636 1176 recepit
653 1113 772 1156 massas
791 1112 884 1177 quas·

138 1189 211 1253 dam
238 1209 357 1255 aeneas
387 1189 562 1276 oblongas,
597 1213 678 1278 quae
711 1191 882 1256 distinctae

136 1293 283 1375 punctis,
322 1312 381 1356 sen
408 1293 556 1374 globulis.
577 1294 705 1377 pondus
736 1309 770 1360 et
794 1295 883 1361 valo·

135 1413 209 1460 rem
235 1392 298 1456 sibi
327 1391 521 1459 videbantur
551 1395 696 1460 indicare
722 1396 764 1478 ¹).
807 1397 883 1458 Huc

136 1495 233 1558 etiam
254 1494 382 1562 vocavit
407 1515 544 1558 massam
568 1517 703 1561 aeneam
726 1496 884 1578 justi-vo-

137 1596 266 1662 luminis
289 1593 395 1658 forma
420 1597 735 1680 parallelogrammi,
766 1598 800 1658 in
826 1617 881 1661 cu-

136 1699 186 1776 jus
207 1719 271 1760 uns
286 1695 369 1759 faeie
386 1716 561 1776 expressus
579 1697 655 1775 bos,
685 1699 821 1762 alteram
836 1699 883 1762 fa·

137 1799 223 1860 ciem
250 1797 343 1878 virga
366 1795 469 1855 instar
495 1797 606 1878 spilsae
633 1799 774 1861 mediam
803 1797 885 1862 diri·

139 1897 185 1960 dit
224 1895 366 1980 globulis
393 1895 473 1956 item
503 1890 720 1978 stetinensi).
769 1899 883 1960 Passe-

136 1999 223 2061 rium
253 1995 391 2079 praeivit
421 1995 614 2072 Molinetus‚
654 1997 709 2079 qui
741 1998 881 2062 similem

137 2099 304 2172 laminam,
337 2095 490 2179 utrinque
521 2093 616 2160 hosis
645 2095 785 2180 imagine
808 2099 882 2160 insi-

133 2221 252 2285 gnem,
279 2199 312 2260 in
341 2212 489 2260 monetae
506 2197 581 2260 loeo
603 2199 725 2282 putavit
748 2203 789 2280 Ιτ),
833 2199 882 2261 Si·

134 2301 222 2365 milia
255 2316 363 2364 tamen
394 2311 603 2361 monumenta
635 2319 737 2363 aenea
772 2312 881 2364 utrum

136 2423 216 2468 rere
240 2402 339 2465 liceat
362 2399 680 2478 monetam-dicere,
708 2399 880 2465 adfirmare

134 2524 201 2566 nou
224 2501 343 2578 ausim,
375 2513 410 2564 nt
428 2499 496 2562 dixi
518 2502 552 2562 in
571 2502 822 2584 Prolsgomenis
839 2502 882 2567 ad

134 2625 248 2668 numos
280 2602 391 2666 Italiae
427 2602 574 2668 mediter
609 2605 745 2666 Exstant
771 2617 880 2668 tamen

134 2727 202 2770 nou
233 2706 348 2789 pauci,
385 2699 467 2790 quos
494 2723 610 2769 numos
638 2719 711 2780 tuto¹
737 2703 880 2784 dixeris,

135 2805 369 2882 crassiusculi,
388 2820 422 2868 et
438 2805 561 2890 ligares
588 2807 707 2871 oralia:
731 2808 786 2892 qui
803 2807 880 2870 hinc

134 2909 273 2984 clavam,
310 2907 403 2970 illinc
439 2909 607 2972 unciarum
639 2923 732 2972 notas
764 2909 881 2993 globu-

133 3013 183 3074 los
216 3001 392 3074 offerunt.¹
424 3011 460 3071 ln
482 3024 613 3074 moneta
641 3009 739 3073 etiam
769 3023 909 3093 putam.

135 3127 188 3174 tur
219 3123 428 3174 monumenta
455 3111 613 3196 quaedam
645 3111 880 3198 quadrilatera,=

135 3233 175 3276 ex
196 3213 311 3298 quibus
329 3213 428 3297 longe
446 3213 699 3278 illustrissimum
716 3226 776 3290 est,
793 3211 881 3298 qnod

135 3330 282 3380 narratur
303 3317 336 3376 in
368 3335 480 3380 museo
505 3317 601 3380 emin.
621 3315 794 3379 cardinalia
812 3315 885 3376 Ste-

131 3417 233 3499 phani
251 3419 394 3502 Borgiae
420 3419 612 3502 inscriptum
634 3415 881 3490 ROMANOM,

135 3533 168 3581 et
192 3519 280 3601 qaod
304 3521 387 3582 inira
405 3523 541 3602 capvt.
563 3517 593 3605 ᾗ.
611 3519 666 3585 tv.
687 3518 879 3582 describam.

133 3619 209 3682 atis
240 3639 369 3704 quoque
397 3620 614 3704 quadrilatera
639 3619 763 3682 dedere
789 3619 883 3680 Moli·

134 3734 231 3784 netus
253 3719 306 3802 d),
328 3735 362 3784 et
377 3722 546 3783 Panaetius
573 3723 614 3800 e).
649 3723 773 3788 Verum
790 3721 882 3782 dubi·-

133 3836 203 3888 tare
220 3824 298 3888 item
314 3823 409 3898 licet,
428 3834 535 3882 utrum
554 3822 635 3884 haee
652 3837 788 3904 quatuor
803 3824 882 3884 late·

132 3945 204 3985 rum
236 3923 393 3988 artefacta
424 3943 537 3990 veram
564 3921 702 3984 habeant
728 3937 877 3986 monetae

131 4027 309 4103 rationem,
332 4027 394 4090 etsi
415 4027 548 4102 Suidas,
571 4022 630 4087 sed
652 4025 727 4088 satis
745 4025 877 4109 perlan-

134 4128 252 4202 ctotie,
277 4129 464 4191 meminerit
481 4147 657 4210 rurguqtose
677 4148 876 4209 νομισμπος,

132 4231 290 4306 qucedruti
315 4235 407 4294 namt
426 4229 467 4312 s),
500 4251 537 4294 ao
559 4227 662 4293 multo
685 4227 781 4291 etiam
814 4251 878 4292 ma·

1645 653 1684 725 ¹t

942 791 1009 875 gis,
1039 797 1149 858 utrum'
1173 779 1243 858 sine
1266 795 1367 860 dnbio
1392 783 1542 864 monets'e
1566 785 1689 866 ltona'-

940 909 1002 954 nae
1022 907 1149 973 partem
1165 895 1371 968 constituant.

1005 991 1247 1088 Qnigravioris
1264 1011 1339 1059 sunt
1352 999 1518 1080 ponderis,
1536 1001 1601 1066 susi
1615 1019 1690 1070 sunt

941 1113 1072 1172 omnes,
1108 1115 1217 1180 usqne
1246 1097 1334 1160 enim
1356 1087 1476 1188 malleo
1499 1121 1579 1185 opus
1605 1105 1688 1170 adeo

940 1209 1085 1273 exstans,
1122 1197 1218 1280 quale
1244 1198 1335 1260 numi
1360 1199 1395 1260 lai
1420 1199 1582 1280 offerunt,
1616 1225 1689 1288 per·

940 1297 993 1381 agi
1011 1295 1181 1378 potuisset.
1217 1297 1352 1361 Assibns
1371 1300 1548 1366 imminutis
1568 1303 1687 1368 abolita

939 1397 1043 1474 lusio,
1085 1410 1120 1461 et
1148 1417 1203 1462 res
1235 1403 1417 1466 monetaria
1452 1403 1607 1466 malleum
1637 1426 1689 1468 re·

940 1501 1061 1584 spexit.
1431 1489 1435 1496 ’

1006 1603 1081 1665 Non
1099 1601 1409 1668 satis'eommodea
1430 1607 1607 1691 majoribus
1629 1627 1690 1672 no·

940 1701 1016 1766 atris
1030 1702 1117 1766 inter
1134 1723 1224 1767 asses
1235 1706 1418 1782 Romanos,
1435 1719 1469 1769 et
1486 1707 1687 1774 urbiumlta·

938 1803 1077 1864 licarum
1108 1804 1296 1872 discretum
1337 1795 1418 1872 Plus
1447 1805 1487 1870 sd
1518 1807 1580 1872 hoo
1613 1831 1687 1872 exa-

940 1921 1016 1963 men
1033 1901 1159 1964 oriterii
1174 1889 1314 1968 aitnlere
1331 1907 1515 1984 Passerius,
1536 1903 1569 1972 et
1587 1912 1685 1973 emin.

940 2001 1073 2068 Zelada.
1131 2003 1215 2066 Satis
1253 2019 1393 2077 constat,
1431 2008 1686 2084 volaterranae,

940 2101 1125 2181 Tudertes,
1166 2105 1340 2186 lgurinos,
1380 2105 1565 2170 Hadrianus
1609 2131 1685 2174 suos
1788 2147 1790 2152 ,

939 2217 1123 2288 quoquest
1142 2204 1220 2286 justi
1241 2203 1395 2287 ponderis
1414 2206 1565 2270 habuisse
1589 2229 1687 2285 asses,

939 2303 1080 2368 docente
1105 2305 1192 2368 istud
1213 2306 1302 2368 urbis
1321 2306 1454 2368 nomine
1479 2307 1557 2390 ipsis
1582 2312 1688 2372 numia

937 2406 1106 2490 inscripto.
1146 2405 1258 2471 Livius
1280 2425 1347 2468 non
1373 2427 1438 2469 nno
1466 2407 1541 2471 loco
1565 2430 1689 2474 merno-

937 2519 1006 2584 rst,
1046 2507 1161 2571 Italiae
1194 2507 1352 2591 populos,
1402 2507 1491 2570 raris
1527 2521 1633 2576 aetate
1668 2535 1687 2575 a

937 2609 1092 2672 Romanis
1123 2609 1247 2686 victos,
1287 2608 1372 2672 aeris
1402 2607 1511 2691 granis
1538 2630 1686 2693 poenaa

936 2709 1115 2774 victoribus
1137 2712 1304 2786 multatus,
1341 2710 1434 2792 enjus
1461 2713 1611 2796 exempla
1635 2735 1686 2777 va·

938 2813 987 2876 ria
1007 2811 1123 2877 recitat
1146 2813 1315 2875 Passer-ius
1337 2815 1378 2891 tt).
1417 2812 1509 2895 Ergo
1526 2834 1592 2876 non
1616 2835 1683 2876 ona·

938 2935 997 2975 nes
1015 2913 1170 2978 continuo
1194 2912 1228 2974 id
1252 2933 1354 2996 genus
1370 2915 1476 2990 numi,
1500 2917 1573 2998 qni,
1596 2919 1685 3000 quod

938 3015 1084 3080 illiterati
1123 3025 1214 3091 sunt,
1252 3014 1376 3076 natales
1414 3036 1490 3078 snos
1525 3015 1683 3094 reticent,

938 3117 1162 3181 Romanorum
1188 3128 1317 3177 moneta
1339 3113 1490 3190 habendi.
1536 3105 1685 3181 Centssil

940 3239 1028 3280 mum
1065 3216 1204 3279 Romani
1245 3217 1412 3279 commatis
1449 3217 1603 3282 indicium
1642 3223 1687 3283 sa·

941 3319 1029 3382 ciunt
1046 3317 1123 3401 typi.
1145 3319 1244 3380 Asses
1262 3319 1347 3380 enim
1365 3318 1398 3378 in
1422 3321 1524 3383 antica
1540 3321 1684 3386 offerunt

939 3433 1035 3510 caput
1051 3421 1136 3496 lassi,
1159 3419 1310 3481 semisses
1328 3422 1433 3498 loris,
1454 3424 1592 3487 trientes
1614 3426 1685 3488 Pal-

940 3520 1038 3594 ladis,
1079 3519 1272 3602 quadrantes
1310 3523 1479 3600 Herculis,
1520 3539 1683 3588 sextantes

940 3621 1114 3696 Mercurii,
1154 3623 1268 3685 unciae
1297 3623 1420 3687 iterum
1452 3627 1611 3702 Palladis,
1652 3641 1686 3688 ot

938 3743 1054 3787 omnes
1097 3721 1132 3783 iu
1169 3745 1282 3788 eversa
1319 3747 1450 3807 proram
1489 3729 1588 3788 navia.
1641 3730 1685 3788 Et

939 3845 1021 3890 tero
1048 3823 1149 3888 fuisse
1176 3825 1236 3886 hos
1260 3839 1353 3909 typos
1379 3831 1544 3890 Romanae
1573 3829 1708 3890 monn*

938 3939 990 3989 tae
1013 3925 1180 4009 proprios,
1209 3927 1433 3990 demonstrant
1449 3947 1536 3988 asses
1555 3947 1684 3989 norum·

936 4013 999 4112 que
1020 4039 1146 4110 partes,
1188 4027 1243 4110 qui
1270 4029 1426 4109 deinceps
1454 4027 1613 4090 imminuti
1638 4029 1683 4092 fa·

935 4129 1095 4191 miliarum
1137 4129 1357 4190 Romanarum
1405 4129 1551 4202 nomina,
1604 4135 1682 4194 scri-

934 4245 1090 4315 ptumque
1121 4229 1210 4311 juxta
1241 4227 1370 4292 rtotts
1400 4230 1607 4316 praeferunt,
1647 4249 1681 4296 et

1431 4463 1438 4476 ι

140 4507 1661 4556 mij-Ww

1561 4593 1566 4602 ¹
1617 4576 1621 4594 l

169 4764 198 4831 n)
219 4757 610 4836 Dempat.Paralip.p.t5'9.
731 4758 764 4819 lsi
785 4758 857 4818 ibid.
874 4779 904 4836 p.
916 4763 977 4824 160.
1096 4763 1450 4839 c)l1u3.Genor.p.4'·,·.
1570 4763 1602 4835 d)
1626 4761 1684 4818 lc.

129 4857 160 4911 ol
181 4851 312 4926 Dempst.
326 4849 450 4926 Paralip.
465 4867 495 4926 p.
509 4851 568 4914 160.
688 4849 708 4920 s.
734 4849 760 4904 in
778 4845 918 4926 Zeuma.

1038 4857 1069 4933 Β)
1090 4855 1222 4930 Dempst.
1236 4853 1413 5002 Paraliplp
1425 4857 1482 4916 155·
1506 4869 1509 4874 -
1562 4839 1565 4846 ·
1695 4919 1704 4936 ⁸
