4254 5494
322 581 928 676 rone1n1A‚eoe1n1A,
966 569 1255 676 renitet,
1293 586 1522 663 eonem.
1647 545 1757 676 aaa*

164 749 558 821 ctetlot’navcsta
577 777 676 818 nemo
695 756 805 818 Probi.
829 756 909 822 Vra·
1221 805 1241 840 ,
1327 757 1346 792 ’
1431 802 1450 841 ,

160 851 246 914 uiam
263 855 339 918 aetia
356 854 525 942 distinguit
542 855 660 940 globus
678 857 830 920 coelestia
852 858 908 918 tri·
965 857 1085 940 thsus.

161 953 240 1032 podi
256 953 446 1038 impetitur,
469 978 567 1041 quem
586 959 655 1042 ipaa
674 957 766 1022 radio
783 959 909 1022 eontin-
1105 959 1262 1026 RVFVS.
1280 959 1316 1026 S.
1334 959 1370 1024 C.
1401 957 1507 1040 Caput
1525 961 1625 1024 Iovis.

158 1053 216 1138 git.
253 1053 346 1148 Quae
369 1059 504 1122 dextera
524 1060 664 1136 elatam,
687 1060 816 1124 sinistra
832 1080 906 1144 per·
964 1059 1231 1155 proritent
1261 1063 1393 1142 Aquita
1406 1063 1437 1122 d.
1453 1063 1537 1142 pede
1554 1063 1705 1126 laureum

156 1176 270 1222 aonam
288 1159 393 1223 Sileni
409 1173 511 1235 tenet,
532 1161 635 1244 capite
653 1163 759 1224 leonia
779 1162 905 1226 exuriit
961 1165 1145 1244 stringens,
1162 1167 1198 1226 in
1212 1182 1293 1225 oreo
1307 1183 1456 1245 serpens,
1476 1167 1624 1244 scorpius
1642 1176 1704 1228 ete.

155 1273 262 1337 teoto,
278 1261 426 1346 Euterpe
441 1273 505 1340 eet,
524 1261 704 1326 recondam
721 1263 802 1326 aliea
822 1265 906 1328 Mol-
961 1263 1031 1328 AR.
1049 1263 1086 1326 C.
1159 1327 1162 1335 ,

152 1381 316 1444 pemeno,
360 1363 469 1426 habita
500 1363 691 1448 tragoediae
720 1365 903 1447 inventrix;
1025 1363 1108 1458 Quia
1141 1363 1241 1428 inerit
1272 1363 1326 1427 hio
1357 1365 1558 1448 Pomponius
1588 1366 1704 1446 Ruina,

151 1464 311 1528 Herculia
342 1466 430 1530 enim
455 1465 561 1530 cultus
592 1465 634 1530 ad
656 1467 741 1531 facte
768 1467 905 1532 heroica
959 1485 1027 1529 nen
1045 1467 1159 1550 liquet.
1196 1467 1233 1528 ln
1254 1487 1352 1528 nemo
1371 1467 1570 1531 Morelliano
1590 1469 1705 1532 cadem

152 1565 298 1644 adludit,
328 1587 410 1651 quae
428 1580 503 1631 aunt
523 1567 711 1653 tragoediae
735 1590 908 1654 argumen·
963 1565 1067 1630 antica
1081 1568 1227 1650 jungitur
1243 1588 1317 1630 enm
1340 1588 1455 1632 arerea
1474 1567 1515 1660 Q.
1531 1569 1705 1653 Pomponii
1807 1561 1810 1566 ’

151 1679 245 1744 tum,
263 1679 297 1732 et
309 1667 370 1732 init
388 1667 558 1754 tragoedia
576 1689 666 1734 aacra
679 1671 830 1748 Baccho,
853 1691 907 1733 en·
962 1671 1095 1744 Menae,
1125 1667 1213 1752 quod
1236 1667 1445 1732 tribuendum
1474 1683 1528 1732 aut
1561 1671 1704 1746 laleario,

149 1768 204 1852 jea
232 1789 343 1836 corneo
371 1771 514 1836 Silenus.
566 1771 788 1856 Terpaiehore
814 1773 906 1836 binae
962 1781 1019 1832 aut
1035 1769 1218 1833 monetario
1237 1769 1432 1854 indiligenti.

157 1869 252 1935 tibiae
271 1895 368 1936 uranu
388 1887 498 1951 tenet,
528 1895 606 1957 quaa
634 1874 797 1938 invenisne
819 1873 906 1938 iere·
957 1883 962 1890 '
1218 1918 1237 1953 „
1322 1871 1340 1910 ⁴
1426 1917 1445 1955 4

156 1970 271 2051 batur,
301 1975 396 2039 evile
418 1975 576 2038 animasse
603 1973 759 2053 choreae,
789 1998 904 2060 parurn
941 1957 1164 2054 'Pomponius
1182 1977 1340 2036 incertus.

158 2073 295 2158 pudicae
315 2078 383 2161 ipsa
403 2079 507 2155 ritae,
538 2098 620 2162 quae
644 2092 764 2141 sectata
785 2075 903 2140 ssurioa
1101 2075 1139 2137 L.
1163 2075 1376 2138 POMPONl.
1408 2077 1476 2139 CN.
1502 2075 1540 2138 F.
1595 2075 1703 2158 Caput

159 2193 201 2238 ex
217 2177 368 2242 Acheloo
388 2179 540 2257 Sirenes,
559 2201 604 2242 ex
625 2181 799 2261 Strymone
816 2179 903 2242 Rhe·
1105 2179 1255 2240 Palladis
1270 2179 1414 2254 elotum,
1433 2197 1520 2259 pone
1536 2175 1575 2236 X.
1620 2213 1624 2222 ·

156 2298 227 2341 aum
246 2281 378 2364 peperit
393 2283 434 2364 ⁸).
463 2283 591 2344 Horum
609 2303 684 2366 para
702 2279 808 2344 antica
825 2299 903 2342 con·
959 2277 999 2346 L.
1016 2279 1097 2340 hle.
1116 2279 1183 2342 CN.
1200 2277 1310 2340 DOM.
1333 2277 1430 2340 Mora
1450 2279 1559 2340 nudus
1575 2280 1703 2342 tacitis

155 2393 282 2444 atanter
304 2382 452 2466 praelert
474 2395 570 2468 eaput
592 2381 755 2446 muliebre
778 2383 904 2446 laurea·
960 2380 1049 2462 bigis
1077 2383 1110 2446 d.
1133 2381 1266 2443 hostem
1294 2381 1479 2456 intorquet,
1504 2401 1531 2442 s.
1553 2381 1703 2462 elypeum

156 2493 245 2557 tam,
263 2483 351 2566 quod
369 2503 442 2548 eaeo
457 2487 570 2548 Musae
587 2484 738 2570 plerique
755 2495 902 2550 cenaent.
960 2493 994 2545 et
1009 2482 1132 2544 lituum
1146 2481 1338 2545 militarem.
1360 2481 1421 2542 liat
1437 2492 1581 2544 eerratua
1597 2494 1630 2544 et
1645 2480 1680 2542 C.

157 2583 203 2644 At
221 2581 303 2645 mihi
326 2583 458 2652 ridetur
480 2585 618 2650 iudicari
635 2585 817 2649 eommunia
832 2587 904 2648 Mu·
1022 2583 1075 2646 De
1089 2583 1195 2646 numia
1211 2581 1370 2646 ainailibua
1388 2583 1444 2668 egi
1460 2583 1607 2668 ingente
1624 2583 1702 2646 Coe·

159 2703 268 2747 aarum
299 2697 415 2752 mater.
459 2689 552 2750 liene
577 2687 729 2772 plerique
760 2699 903 2748 atatnnnt
960 2682 1064 2748 conia.

160 2787 417 2870 Mnemoaynen,
439 2797 471 2850 et
490 2788 696 2867 auntetiam,
714 2808 797 2872 quoa
815 2787 904 2852 inter
1004 2868 1006 2877 Ι
1213 2833 1237 2871 g
1321 2785 1340 2822 '¹
1425 2832 1445 2869 4

158 2889 323 2971 llyginoa,
347 2889 402 2973 qui
420 2909 475 2952 eae
491 2893 591 2966 love,
613 2903 647 2954 et
664 2893 798 2954 Moneta
813 2905 902 2954 natae
959 2887 1106 2961 Bessus,
1131 2888 1278 2950 Flaccus.

154 2987 318 3066 aduerunt,
339 2993 380 3054 de
390 2989 539 3077 quotide
551 2993 717 3075 Hyginum
733 2991 766 3053 in
784 3009 903 3075 prooe-
1023 2989 1063 3051 Τ.
1076 2985 1277 3067 Pomponiae
1292 2987 1411 3048 Baaaua
1428 2985 1553 3066 legatae
1571 2987 1699 3052 Nervae

156 3091 222 3154 mio
244 3091 284 3156 ad
315 3091 460 3168 fabulae,
488 3105 525 3157 et
544 3091 591 3154 ibi
615 3091 785 3156 observata
809 3093 903 3152 Mun·
960 3099 995 3150 et
1019 3087 1152 3169 Trajani
1180 3087 1214 3147 in
1237 3087 1345 3148 numia
1371 3085 1507 3148 Graecia
1536 3085 1699 3165 Galatiae,

153 3193 255 3258 elta-i.
278 3195 432 3260 Monetae
446 3195 549 3279 igitur
566 3206 663 3278 eaput
681 3211 744 3277 per
759 3191 900 3256 adlnaio·
958 3199 993 3252 et
1012 3187 1253 3272 Cappadociae,
1276 3209 1354 3272 quaa
1375 3185 1462 3252 vide.

153 3315 230 3358 nem
247 3317 321 3360 eum
338 3299 407 3382 ipra
425 3309 557 3360 moneta
572 3309 664 3360 recte
683 3295 900 3380 componitur,
1019 3283 1114 3354 Elii.
1137 3281 1390 3364 «intentor,
1417 3289 1451 3350 in
1473 3307 1573 3350 numo
1587 3287 1699 3350 Antio·

153 3417 190 3460 ae
219 3411 392 3478 praeterea
420 3411 572 3482 tauquam
594 3399 759 3460 Musarum
795 3411 900 3460 mater
956 3391 1049 3456 chiae
1072 3391 1185 3474 Syriae
1208 3410 1281 3453 enm
1304 3392 1409 3476 capite
1430 3387 1568 3494 Tiberii.
1611 3389 1696 3460 Vide

152 3517 227 3563 cem
243 3497 389 3584 partiliua
407 3499 531 3567 averaia
547 3497 664 3562 horum
680 3519 864 3562 nnmerum.
956 3495 1026 3578 ejua
1043 3493 1133 3558 urbia
1150 3513 1276 3556 aumoa.

453 3777 752 3855 PONTINIA,
800 3777 1054 3849 Portum,
1100 3771 1382 3838 Poppaea·

216 3979 313 4043 Numi
332 3978 505 4044 Goltaiani.

778 4257 1068 4320 PORCIA.

211 4461 301 4523 Geaa
317 4459 455 4542 plebeia.
491 4461 694 4541 Cognomina
717 4460 749 4520 in
768 4459 891 4520 numia:
1205 4495 1225 4534 .
1310 4449 1328 4484 ⁴*
1414 4493 1433 4530 a

147 4563 248 4638 Coto,
271 4565 400 4634 Laeca,
425 4561 573 4625 Licinus.
949 4555 1042 4618 Cato.

1090 4655 1197 4732 Caput
1218 4654 1531 4730 Pattadtsssataaam,
1551 4673 1636 4734 pene
1652 4651 1693 4717 X.

184 4859 214 4928 a)
235 4853 367 4931 Euripid.
387 4855 416 4909 in
431 4851 551 4910 Rheso„
