4184 5500
546 557 632 636 Ln-
658 560 871 642 NVMOS
898 563 1289 644 raxtntxttvru·
1624 591 1695 661 fro

146 729 235 812 Mala
274 729 470 816 conjectavit
503 727 714 809 Vaillautiua,
757 751 800 796 cu
834 731 896 796 tibi
948 753 1079 804 carcre.
1112 737 1194 800 Nam
1211 713 1361 801 iconismi
1379 751 1412 800 et
1428 739 1562 822 plenam
1584 742 1707 810 sistunt
1830 759 1833 766 ’

147 833 387 918 conjecturam.
407 833 503 896 aliam
538 832 652 916 priora
686 852 754 896 mou
792 833 895 899 multo
952 837 1072 904 borum
1095 857 1268 902 uumorum
1296 839 1495 924 catalogum,
1526 857 1560 908 ct
1585 868 1702 913 uumoa

146 931 429 1020 praestabiliorem
437 927 455 1011 ,'
475 921 523 997 sic
546 947 583 996 ut
605 952 673 998 nou
693 954 895 1020 magnopere
946 959 1028 1002 cum
1043 939 1185 1018 affabra,
1206 952 1402 1004 tum-sanata
1418 961 1455 1006 ac
1472 943 1631 1028 religiosa
1646 948 1703 1012 da·

148 1033 371 1112 aberraveris,
413 1034 443 1098 ai
474 1033 664 1100 uuiversum
694 1035 778 1098 illud
813 1057 895 1122 apua
952 1039 1076 1125 pictos,
1097 1041 1258 1125 ipsircro
1278 1045 1502 1107 commentarii
1524 1048 1701 1126 omnious,

146 1137 410 1220 coujcctprarum
425 1135 594 1220 specimen
608 1136 896 1222 volas-appallarc.
953 1162 1038 1225 quac
1054 1140 1292 1226 praecedento·
1313 1143 1486 1228 antiquarii
1506 1145 1547 1210 dc
1564 1146 1702 1232 siugulis

149 1240 262 1324 Lagea
285 1251 320 1302 ct
336 1236 500 1321 experire.
536 1237 692 1301 Catarum
711 1259 793 1322 apua
811 1239 898 1304 istud
954 1243 1063 1306 ramis
1083 1264 1143 1310 seu
1165 1257 1280 1324 ractc‚·
1301 1263 1360 1311 aaa
1383 1265 1560 1333 perparum
1581 1249 1703 1333 judica·
1803 1253 1810 1264 ’

148 1360 223 1405 auu
241 1337 365 1424 babos,
394 1350 490 1426 potas
506 1337 643 1424 saliaris
660 1339 808 1408 omuibus
826 1355 898 1410 tuto
954 1363 1047 1412 rora.

715 1697 1165 1731 ψ·

635 2193 1017 2362 οΑΡῩΤ
1086 2247 1225 2364 xx

694 2513 697 2518 ·
722 2504 933 2580 [nstitutum
959 2501 1141 2583 auctoris,

154 2787 287 2902 Paucis
316 2835 363 2900 aic
390 2833 518 2900 bchto.
556 2835 757 2902 Brevitatcm
781 2835 900 2902 aaatan'
956 2857 996 2902 ca
1011 2833 1087 2900 tium
1103 2835 1255 2902 brevitati
1268 2838 1434 2916 consului,
1455 2856 1590 2924 oporam
1611 2837 1709 2922 aaut·

152 2939 286 3030 placuit.
315 2938 397 3002 Eam
412 2957 477 3001 uon
491 2935 592 3002 modu
608 2939 707 3002 suasit
722 2937 806 3002 ratio
823 2959 902 3023 opa-
955 2959 999 3004 uo
1027 2959 1089 3022 qua
1107 2937 1316 3018 ⁸iratarcidarc
1342 2951 1492 3023 paterer,
1516 2961 1599 3025 quaa
1625 2963 1703 3026 cog·

152 3047 201 3110 ria
228 3062 342 3106 omncs
365 3060 538 3104 rumorum
568 3039 691 3104 claaaoa
717 3038 900 3122 complexi,
957 3040 1028 3102 nitu
1041 3052 1153 3103 asacut
1169 3039 1285 3124 digna,
1309 3040 1365 3104 rol
1383 3058 1465 3122 quae
1480 3040 1573 3106 utilia
1591 3041 1631 3104 ab
1645 3041 1712 3120 iias

152 3145 214 3210 scd
234 3159 267 3208 et
282 3143 344 3226 ipsi
367 3143 461 3226 hujus
482 3142 594 3207 classis
616 3139 707 3204 aumi
731 3138 824 3203 istud
840 3160 899 3224 po·
958 3141 1014 3228 qui
1030 3160 1263 3225 praecessura,
1282 3153 1356 3205 aaut
1372 3139 1553 3208 obacrrata.

152 3247 275 3312 atulara
292 3227 369 3321 risi,
391 3243 447 3330 qui
465 3244 560 3328 plura
576 3241 745 3308 continent
761 3241 899 3320 iuocrta,
1019 3241 1059 3302 fu
1075 3243 1263 3306 enarrandis
1284 3241 1392 3305 numia
1409 3229 1558 3308 ordiu'em
1574 3245 1704 3310 servati

153 3363 188 3416 ct
218 3345 383 3431 ambigua,
418 3365 514 3430 quam
546 3365 629 3430 quaa
659 3343 761 3407 uallo·
782 3340 898 3408 advar-
955 3343 1377 3429 alphabeticumgcntium,
1399 3345 1713 3430 quamprimum·

154 3462 246 3516 sautu
266 3447 393 3532 possint
413 3445 596 3526 adfirmari..
630 3443 725 3539 Quas
743 3463 825 3510 vero
842 3463 908 3510 ro·-
955 3447 1030 3512 tulit
1046 3446 1202 3524 Vrsinus,
1224 3467 1355 3532 quoque
1379 3447 1595 3529 opportunior
1617 3448 1703 3512 altar

153 3555 260 3636 luptas
279 3563 335 3613 aut
356 3547 545 3626 scribentis,
567 3559 622 3611 aut
641 3545 762 3610 daiadc
784 3545 899 3631 lagou-
954 3549 1097 3614 obtineri
1117 3548 1172 3614 vix
1187 3537 1320 3632 poteritss
1365 3551 1458 3611 Iutcr
1480 3562 1596 3631 gantas
1613 3547 1709 3632 ipsas·

154 3655 211 3731 tia,
236 3671 311 3718 cum
329 3647 370 3714 ad
384 3649 533 3738 prolixae
549 3647 774 3734 disputationis
797 3647 898 3711 linem
954 3649 1045 3713 nami
1072 3651 1190 3712 iterum
1216 3669 1278 3733 pro
1303 3647 1509 3733 alphabetico
1536 3648 1705 3732 cognomi·
1732 3699 1743 3714 ,

154 3765 379 3826 ventumst,
406 3772 480 3814 assa
506 3772 610 3836 acqua
642 3752 831 3826 incertum·
859 3767 908 3812 ac·
956 3773 1045 3816 mam
1064 3751 1179 3815 ordina
1195 3750 1342 3834 dispositi
1357 3763 1448 3829 suut,
1471 3771 1545 3816 cum
1568 3751 1596 3814 is
1614 3769 1709 3814 com··
1808 3805 1811 3814 ,

154 3853 298 3920 dudum?
319 3853 430 3918 Habet
447 3851 533 3916 istud
552 3851 657 3914 omnia
674 3872 727 3914 ars
743 3849 898 3926 bumana,
956 3853 1054 3918 moda
1073 3852 1223 3916 adbiberi
1243 3851 1358 3935 potuit.

153 3973 189 4020 ut
219 3956 315 4042 plura
352 3956 433 4034 sint,
468 3973 551 4042 quae
582 3951 765 4026 nascimur,
802 3970 898 4036 quam
1018 3953 1158 4029 chtcs,
1189 3965 1223 4016 ct
1246 3951 1384 4015 familias
1410 3973 1452 4017 cx
1486 3951 1699 4028 coloniarum,

153 4057 401 4146 (praescimus,
436 4071 471 4122 ct
497 4052 680 4140 quicquit,
709 4049 799 4116 dabit
821 4071 899 4134 ope·
955 4068 990 4120 ct
1012 4053 1262 4140 municipiorum
1286 4065 1418 4117 moneta
1444 4052 1608 4138 cognitas,
1640 4053 1702 4116 ctai

154 4183 244 4238 ram,
275 4179 344 4224 nou
371 4173 407 4223 ut
431 4157 539 4222 omnia
570 4153 742 4240 explanat.
779 4153 839 4218 aad
861 4165 899 4218 ot
954 4177 1010 4222 cas
1033 4158 1066 4220 iu
1087 4154 1247 4239 syllabam
1278 4175 1372 4217 auum
1404 4154 1594 4238 acceperint
1619 4151 1705 4216 Pati·

155 4263 269 4348 plura,
303 4260 430 4346 reliqua
451 4259 615 4344 relinquat
649 4255 809 4340 posteris,
844 4255 901 4342 qui
956 4281 1037 4336 uus,
1066 4256 1280 4334 Vaillantius‚
1312 4255 1506 4333 biorellius,
1535 4255 1704 4342 negligan-

155 4365 244 4428 iortc
267 4381 428 4428 uovorum
454 4381 517 4446 apa
541 4355 761 4422 subsidiorum
784 4377 824 4420 ca
846 4345 901 4420 ax·
958 4360 1014 4424 das
1041 4359 1128 4424 duxi.
1172 4359 1392 4442 Magistratus,
1411 4357 1498 4423 anim
1528 4359 1706 4444 municipa-

155 4465 310 4551 pcdicnt‚
331 4475 387 4526 aut
405 4461 573 4525 nobiscum
592 4459 800 4545 ignorabunt.
826 4462 900 4526 Hac
957 4463 1027 4537 lca,
1059 4459 1122 4524 atsi
1146 4459 1298 4544 gentibus
1317 4461 1472 4524 Romanis
1497 4459 1705 4546 homonymi,

157 4587 234 4632 sanc
263 4561 401 4630 oonsilio
437 4563 478 4627 ad
510 4560 719 4626 scribendam
755 4561 902 4648 appellat
959 4563 1011 4625 vix
1029 4575 1137 4625 tamen
1153 4560 1194 4626 ad
1213 4581 1268 4626 aaa
1290 4563 1500 4647 pertinuere,
1527 4577 1563 4626 ut
1584 4563 1707 4627 dictum

156 4668 318 4742 animum,
340 4665 393 4730 cui
412 4677 523 4750 turpes
542 4662 695 4728 ridentur
715 4683 822 4748 nugae
841 4659 902 4726 dii·
956 4663 992 4726 iu
1009 4677 1148 4730 tractatu
1174 4663 1215 4728 dc
1240 4665 1387 4731 Goloaiia
1408 4667 1484 4734 Vol.
1502 4667 1557 4732 tv.
1584 4689 1614 4750 p.
1630 4668 1704 4742 482.

154 4769 270 4848 licilcs,
288 4783 323 4842 ,ct
337 4764 774 4850 stultuslaboriucptiarum.
798 4769 901 4832 lutor·
956 4767 1196 4850 Proconsulca,
1236 4783 1427 4856 praetcrea,
1465 4769 1707 4852 provinciarum

1441 4891 1509 4953 Pl
