4184 5500
530 577 607 652 sn
643 579 855 654 uvttos
892 581 1280 659 rlurnrnuvur.
1633 607 1681 685 nr

116 741 293 820 Beuurair,
337 747 480 828 reperiri
514 727 657 812 serretur
690 769 764 812 cum
793 749 879 834 capi·
936 751 1032 832 ath).
1059 753 1131 835 lpse
1149 773 1226 818 saue
1242 754 1360 822 horum
1380 758 1503 821 nullum
1520 774 1681 828 serratum

118 843 200 908 tibus
223 845 247 908 l.
265 843 433 924 Caesaris,
461 850 505 912 Μ,
524 849 678 932 Antonii,
709 864 743 916 et
766 852 878 942 Augu·
936 853 1094 918 hactenus
1113 852 1190 922 ridi

736 1172 1061 1201 *-

585 1639 966 1752 clrvr
1043 1557 1283 1752 xm·

651 1899 711 1974 Dc
735 1897 859 1974 nemis
881 1897 1174 1974 restitutionum.

123 2143 272 2279 Magna
301 2201 352 2255 eat
373 2207 547 2254 nnmerum
567 2191 662 2276 copia
683 2192 789 2258 omnis
812 2211 880 2256 me·
936 2193 1034 2259 miae.
1065 2195 1104 2260 ll.
1128 2191 1275 2260 Adsidue
1298 2195 1460 2275 morelio,
1489 2197 1545 2286 qui
1567 2219 1609 2264 er
1630 2221 1695 2266 uu-

123 2295 215 2374 talli,
241 2293 276 2356 iu
293 2290 443 2378 'quorum
466 2311 581 2358 aversa
601 2308 801 2360 memoratur
823 2295 881 2357 uii-
937 2297 998 2359 mis
1016 2294 1068 2358 his
1086 2317 1144 2360 sua
1160 2294 1299 2360 babeant
1315 2297 1506 2384 archetypa,
1535 2301 1590 2386 qui
1608 2323 1692 2384 nou,-

132 2397 204 2484 quie
234 2395 470 2479 imperaturum
500 2394 630 2479 adjecto
659 2409 734 2480 pust
767 2415 880 2460 omues
937 2411 992 2460 aut
1013 2397 1040 2462 si
1062 2418 1125 2484 qua
1147 2397 1180 2458 in
1202 2417 1240 2461 re
1259 2397 1299 2463 ab
1322 2400 1500 2488 archetypo
1525 2402 1687 2470 deliciunt.

130 2501 203 2580 ej'us
238 2497 354 2562 titulos
392 2495 552 2562 vocabulo
590 2497 733 2577 REsT„
775 2499 881 2564 rarius
940 2501 996 2564 Ill.
1025 2501 1170 2564 luseram
1197 2499 1294 2563 etiam
1324 2523 1440 2566 numus
1465 2507 1690 2589 Augustorum

126 2601 224 2686 plene
248 2597 499 2666 RESTITVIT.
536 2599 604 2663 Eos
627 2599 801 2685 antiquarii
830 2619 884 2686 ap·
940 2615 974 2664 et
1001 2601 1195 2680 Caesarum,
1228 2602 1298 2666 siue
1330 2603 1446 2690 quibua
1469 2607 1627 2690 judicium
1653 2609 1688 2671 iu
1795 2663 1798 2668 .

132 2703 257 2788 pellere
278 2699 388 2766 solent
405 2721 521 2764 rumor
540 2705 730 2778 restitutos,
752 2701 884 2766 mallem
942 2701 1005 2766 buc
1031 2705 1180 2768 examine
1205 2706 1357 2769 exerceri
1382 2708 1507 2794 nequit.
1545 2711 1601 2778 IV.
1629 2709 1689 2773 Sc·

133 2825 250 2868 numer
276 2804 545 2880 restitutionum,
572 2801 665 2888 quia,
688 2815 725 2866 ut
746 2800 883 2880 dicetur,
940 2802 991 2869 los
1013 2819 1136 2870 tautum
1155 2827 1271 2871 numos
1294 2821 1406 2872 certae
1431 2808 1510 2872 fidei
1530 2795 1693 2890 adieram„

27 2907 31 2914 '
132 2927 165 2965 re
190 2904 320 2972 REST.
348 2923 416 2967 nuu
443 2901 477 2964 iu
506 2903 655 2966 omuibus
677 2925 809 2968 numum
831 2927 884 2969 re·
941 2921 975 2970 et
1003 2929 1083 2992 quoa
1109 2921 1212 2972 testea
1236 2907 1347 2972 idonei
1370 2908 1541 2989 viderunt,
1572 2913 1690 2998 probe·

137 3007 303 3084 stitutum,
341 3005 400 3070 seri
424 2999 610 3070 restitutuiu
638 3004 727 3069 aliud
754 3004 883 3069 indicat.
941 3022 1137 3092 veruntque.
1185 3010 1360 3094 Negligam
1392 3011 1493 3093 igitur
1528 3033 1588 3076 eos
1621 3036 1697 3078 om·-

137 3109 172 3169 lu
202 3105 291 3172 icturi
319 3127 492 3170 numerum
533 3129 638 3192 genus
677 3107 886 3172 commentati
941 3130 1021 3182 ner,
1054 3130 1192 3194 quorum
1222 3130 1343 3194 praeco
1373 3131 1456 3174 unns
1485 3126 1535 3176 est
1563 3113 1690 3180 Medio·

135 3221 206 3272 runt
233 3229 348 3274 omues
371 3209 449 3273 artis
472 3223 604 3274 nostrae
627 3211 791 3294 magistri,
818 3230 886 3272 cm·
942 3210 1085 3289 barbna,
1124 3211 1216 3296 cujus
1246 3211 1378 3298 quidem
1408 3213 1473 3296 jum
1506 3216 1694 3282 auctoritati

137 3313 226 3374 nium
251 3309 481 3376 liberalissime
504 3311 546 3377 cl.
566 3310 600 3374 le
620 3313 711 3375 Beau
735 3311 886 3378 disserta·
943 3311 1084 3376 detrusit
1106 3313 1253 3378 laudatur
1277 3313 1310 3378 le
1335 3317 1444 3396 Bere,
1478 3317 1539 3382 sed
1570 3332 1691 3402 tamem,

139 3418 228 3478 tione
247 3415 282 3478 iu
300 3415 357 3484 vl.
373 3427 484 3498 partor
500 3413 637 3490 tributa,
664 3434 800 3500 quarum
817 3427 886 3478 tres
932 3407 980 3478 'ut
998 3414 1142 3493 videtur,
1164 3416 1250 3500 justo
1270 3418 1344 3502 plus
1364 3417 1509 3488 indulsit.
1541 3423 1586 3488 At
1603 3423 1690 3508 qnod

138 3518 265 3600 priores
300 3529 426 3580 exutam
449 3515 483 3578 iu
507 3515 679 3580 Memoriia
704 3515 888 3602 inscriptio·
942 3516 977 3580 in
1007 3516 1137 3582 eruditu
1169 3520 1233 3586 buc
1266 3521 1361 3586 Gallo
1389 3522 1464 3604 jare
1494 3521 1697 3608 culpaveris,

139 3639 214 3682 uum
230 3621 326 3682 Tum.
339 3617 886 3706 ffl.p·333,posteriorerl¹om.
945 3632 1014 3698 eat,
1048 3619 1136 3705 quod
1169 3642 1287 3692 numus
1323 3623 1479 3707 quosdam
1508 3625 1691 3710 singulares

140 3719 257 3790 XXIV.
277 3743 311 3806 p.
326 3723 395 3788 151.
946 3713 988 3786 ex
1005 3743 1119 3786 museo
1137 3725 1231 3808 regio
1248 3743 1314 3788 nou
1332 3745 1391 3788 auo
1408 3726 1613 3804 testimonio,
1632 3726 1693 3791 ted

201 3825 384 3908 Antequam
412 3821 453 3886 ad
479 3823 550 3910 cjua
575 3821 724 3886 vocabuli
748 3821 887 3906 explica·
942 3823 1124 3903 Harduini,
1156 3827 1360 3912 aliorumque
1389 3827 1513 3904 refert,
1545 3847 1619 3890 cum
1647 3841 1693 3893 tu·

138 3923 261 3988 tionem
287 3924 481 4010 aggredior,
511 3944 649 3988 necesse
674 3922 776 4002 duco,
802 3924 888 3986 simi·
945 3947 1021 3990 meu
1049 3927 1120 4010 ejus
1145 3927 1336 4006 interesset,
1371 3929 1412 3992 de
1438 3947 1629 4007 numerum,
1658 3929 1698 3992 in
1822 3929 1827 3936 ’

141 4025 218 4088 lium
247 4048 420 4092 numerum
447 4027 631 4110 catalogum
656 4025 885 4110 praemittere,
943 4051 1024 4114 quos
1060 4041 1151 4095 tauto
1188 4031 1261 4095 nisu
1297 4041 1532 4096 commentatur
1567 4029 1691 4110 fuerat,

140 4127 173 4190 iu
197 4150 262 4216 quc
288 4129 517 4216 componendo
540 4141 716 4214 sequentes
738 4127 818 4190 mibi
840 4127 886 4190 lc·
942 4130 1009 4196 lide
1032 4151 1105 4199 erre
1126 4151 1295 4212 securum,
1319 4151 1442 4220 eosque
1463 4151 1574 4200 coram
1594 4134 1693 4222 inspi-

141 4251 200 4315 ges
223 4235 371 4318 praebui.
403 4235 428 4300 l.
450 4235 518 4296 Eos
538 4230 715 4296 secundum
739 4230 800 4294 tria
821 4250 890 4295 me·
945 4219 1034 4299 cere.

143 4333 218 4399 talla
244 4335 442 4404 enumerabo
464 4335 582 4402 addite·
600 4333 803 4398 restitutoria
829 4353 888 4398 nu·

142 4579 1689 4618 *mm—...pn—

181 4765 212 4836 a)
232 4762 307 4826 lint.
321 4765 384 4826 ebr.
397 4767 482 4828 Turn.
492 4765 544 4826 111.
561 4783 591 4841 p·
601 4775 664 4834 lti-

206 4911 297 4990 (Vol.
315 4915 372 4998 V.)
