4254 5494
434 619 506 690 280

440 773 537 839 SEX.
562 771 670 836 Pon.
697 766 910 836 Fos'ruvs.
950 767 1114 832 Romulus
1146 779 1182 832 ct

439 879 563 942 nomos
581 873 744 936 lactentes
758 873 818 934 sub
826 869 900 953 ficu
917 868 1105 947 Ruminali,
1124 871 1182 934 cul

434 981 533 1060 ploos
548 975 686 1052 insidat,
704 993 798 1054 quem
815 975 953 1034 adstans
966 984 1084 1054 postor
1098 970 1182 1032 Fou-

437 1079 548 1140 stulos
563 1087 704 1138 ostenta
721 1095 823 1136 monn
841 1073 980 1134 indicat.
1001 1073 1071 1134 AR.
1088 1071 1125 1134 C.

502 1175 632 1242 Gemini
649 1197 667 1238 a
684 1177 759 1259 lupa
777 1173 905 1247 nutriti,
929 1173 1010 1236 licus
1031 1173 1182 1234 Rumina·

440 1283 498 1356 lis,
522 1280 614 1363 picus
633 1277 717 1352 avis,
744 1289 856 1358 pastor
875 1273 1061 1351 Faustulus,
1089 1273 1183 1335 nimi·

437 1403 510 1446 rum
531 1379 623 1443 urbis
644 1391 796 1440 aeternae
816 1375 1026 1450 incunabula,
1051 1374 1180 1438 notiora

438 1478 528 1552 sun't,
551 1501 646 1564 quam
664 1479 753 1540 otiis
774 1475 961 1539 enarrandis
980 1476 1178 1540 inhaeream.

438 1585 514 1648 Sex.
525 1581 702 1664 Pompeius
717 1579 811 1661 hujus
824 1591 938 1642 auctor
953 1577 1079 1642 denarii
1094 1577 1180 1642 hunc

436 1685 557 1768 selegit
580 1701 713 1747 eversae
738 1695 866 1765 typum,
885 1701 952 1743 -seu
979 1681 1067 1767 quod
1091 1681 1180 1746 idem

436 1787 575 1850 haberet
591 1805 664 1849 cum
681 1783 886 1866 geminorum
902 1783 1042 1845 nutricio
1060 1803 1184 1867 cogno·

437 1910 529 1966 meu,
559 1908 619 1951 seu
640 1885 728 1972 quod
749 1905 866 1948 revera
888 1903 991 1966 genus
1018 1905 1111 1946 suum
1139 1885 1180 1949 sb

436 1993 500 2055 boc
516 2003 647 2076 pastore
667 1987 743 2051 duci
764 1985 923 2061 credidit,
945 1997 1000 2047 aut
1016 1985 1107 2048 credi
1124 2007 1181 2049 vo·

435 2095 507 2156 luit.
527 2087 901 2155 ScribitanOSTIaVS
919 2108 978 2171 pro
991 2088 1182 2155 anst'v-

435 2192 670 2262 uva-Paullo
687 2212 782 2276 supra
799 2192 831 2251 in
845 2190 951 2267 Blotia
965 2189 1103 2254 vidimus
1119 2190 1180 2256 AV

1069 594 1344 672 rostrum.

1236 767 1340 844 torio,
1368 757 1498 851 piratis,
1526 763 1733 843 Mithridate,
1764 766 1908 853 Tigrane
1937 771 1985 834 in·
2063 751 2068 772 Ι

1237 868 1388 934 credibili
1424 868 1544 934 virtute
1584 867 1741 945 devictis,
1783 871 1984 957 prolatisque

1237 970 1369 1053 imperii
1392 969 1527 1046 linibus,
1557 969 1638 1033 felix
1663 965 1878 1056 undequaque
1908 996 1985 1036 cuns

1237 1072 1370 1156 proprie
1393 1071 1530 1149 virtute,
1556 1093 1751 1156 morumque
1776 1075 1984 1138 commenda·

1240 1175 1347 1250 tione,
1381 1188 1448 1234 tum
1479 1173 1637 1258 singulari
1662 1175 1762 1236 totius
1790 1174 1922 1258 imperii
1951 1177 1985 1238 in

1239 1273 1483 1354 eumadlectu,
1516 1289 1548 1338 st
1571 1296 1612 1339 eo
1633 1275 1766 1350 infelix,
1798 1277 1887 1361 quod
1914 1277 1986 1360 glo-

1236 1376 1305 1440 riae
1324 1377 1485 1439 aemulum
1503 1389 1614 1438 nactus
1636 1390 1687 1439 est
1702 1379 1886 1454 Caesarem,
1908 1399 1983 1442 cnm

1237 1497 1303 1562 quo
1329 1479 1435 1540 minus
1460 1477 1561 1562 reip,
1589 1499 1685 1562 quam
1709 1479 1858 1544 occultae
1882 1479 1982 1543 ambi·

1237 1579 1336 1642 tionis
1359 1598 1454 1642 causa
1479 1579 1612 1642 collisus
1639 1593 1713 1662 post
1733 1579 1862 1644 cladem
1884 1583 1986 1644 Phar·

1238 1681 1368 1743 salicam
1400 1680 1523 1744 exitum
1553 1681 1586 1742 in
1615 1682 1783 1767 Aegypto,
1813 1704 1879 1768 quo
1909 1704 1988 1746 con·

1237 1781 1385 1866 fugerat,
1424 1781 1549 1864 reperit
1580 1783 1658 1868 ipsis
1691 1784 1869 1849 victoribus
1898 1773 2005 1847 inste

1239 1903 1338 1966 gnum
1361 1883 1482 1960 visum,
1511 1897 1546 1947 et
1566 1883 1660 1946 seriis
1683 1885 1825 1948 lacrimis
1847 1885 1985 1950 decoru-

1237 1998 1304 2048 tum
1323 1985 1363 2050 V.
1378 1984 1416 2050 C.
1436 1983 1514 2065 706,
1533 1983 1660 2050 relictis
1680 1983 1764 2049 binis
1782 1987 1858 2050 liliis
1875 1989 1985 2052 Cnseo

1237 2099 1272 2150 et
1301 2086 1401 2148 Sesto
1430 2083 1619 2148 calamitatis
1649 2101 1804 2170 paternae
1835 2087 1985 2152 haeredi·

1236 2187 1313 2264 bus,
1335 2186 1377 2251 de
1397 2187 1618 2272 quibus'mox.
1649 2188 1740 2276 'Vide
1759 2189 1841 2254 hacc
1861 2192 1982 2274 passim

437 2295 518 2360 etO
539 2306 735 2380 permutata,
760 2291 859 2356 etiam
875 2294 907 2362 V
923 2293 1052 2376 saepius
1072 2307 1180 2356 extru-

436 2419 520 2474 sum,
545 2399 592 2461 sic
609 2395 743 2459 vinculo
760 2409 794 2459 et
812 2395 941 2474 uincla,
966 2395 1128 2458 Proculus
1146 2385 1181 2458 et

438 2501 595 2573 Procius,
619 2497 809 2562 Alcumena
828 2510 862 2558 et
879 2497 1052 2559 Alcmena.
1300 2493 1441 2556 MAGNI
1455 2511 1657 2577 cognomen,
1675 2493 1703 2557 si
1719 2491 1897 2558 Plutarcho
1915 2517 1985 2560 cse-

693 2662 713 2701 .
797 2615 817 2654 ιι
901 2660 921 2700 0
1238 2591 1363 2676 dimusf,
1401 2594 1538 2680 adeptus
1570 2609 1622 2660 est
1652 2609 1791 2660 mature·
1810 2596 1984 2662 admodum

959 2765 962 2774 ι
1237 2715 1402 2780 praecone
1423 2696 1495 2782 ipso
1518 2698 1626 2776 Sulla,
1657 2699 1722 2762 hoc
1748 2719 1824 2762 eum
1850 2701 1984 2764 nomina

500 2801 559 2863 Cn.
575 2797 752 2880 Pompeius
772 2811 865 2861 notus
884 2795 1020 2876 eodem,
1045 2819 1111 2884 quo
1131 2801 1177 2866 Μ.
1238 2797 1474 2882 compellante,
1503 2821 1577 2863 cum
1605 2801 1692 2865 victo
1720 2799 1755 2860 in
1782 2801 1896 2865 Africa
1920 2803 1988 2863 Do-

439 2901 567 2966 'l'ullius
588 2923 672 2966 anno
694 2903 735 2969 V.
753 2902 789 2966 C.
808 2901 870 2976 boll
895 2913 987 2983 patre
1011 2899 1070 2964 Cn.
1086 2902 1182 2962 Pom·
1239 2901 1330 2966 mitio
1347 2901 1485 2964 Romam
1504 2921 1659 2966 reversus
1678 2904 1785 2984 ew).
1813 2904 1850 2963 lu
1870 2902 1987 2968 eedem

440 3007 515 3090 pejo
533 3005 710 3082 Strabone,
737 3003 829 3086 cujus
850 3000 968 3064 eximis
991 3002 1093 3066 virtus
1113 3002 1182 3094 bel·
1238 3003 1399 3066 sententia
1422 3001 1484 3064 luit
1506 3001 1630 3066 Plinius
1653 3001 1697 3084 ιι).
1726 3003 1794 3064 Alii
1812 3003 1918 3066 serius
1940 3007 1987 3068 sic

440 3111 474 3174 lo
495 3107 606 3172 sociali
629 3107 755 3170 enituit.
777 3109 819 3166 'ln
840 3103 991 3167 dissensu
1008 3103 1096 3166 cirili
1112 3104 1185 3166 Sul·
1241 3104 1472 3189 compellatum
1489 3106 1635 3180 tradunt,
1656 3118 1693 3166 ut
1710 3103 1838 3167 dicetur
1856 3105 1895 3168 ad
1913 3127 1988 3188 pro·

390 3245 393 3252 ,
440 3214 491 3274 lae
526 3223 561 3272 et
589 3209 704 3286 Marii,
745 3207 832 3269 illios
869 3219 979 3290 partes
1014 3207 1183 3290 amplexus
1241 3208 1346 3271 simos
1370 3227 1496 3271 numos.
1531 3207 1611 3271 Vtut
1635 3205 1714 3282 erit,
1745 3204 1781 3266 in
1802 3225 1987 3290 cognomen

357 3389 359 3397 Ι
441 3311 640 3396 praeclaram
659 3309 770 3372 Sullae
789 3329 920 3392 operam
938 3309 1082 3384 navarit,
1101 3308 1184 3372 adeo
1240 3305 1472 3373 certe'deindc
1491 3305 1569 3369 abiit
1590 3307 1711 3370 omisso
1732 3307 1836 3392 patrio
1856 3307 1989 3372 Strabo-

440 3414 505 3476 boc
533 3411 749 3474 adolescentis
778 3409 930 3471 virtutem
960 3411 1118 3489 mirante,
1150 3423 1185 3472 ut
1234 3411 1308 3487 -nis,
1339 3409 1532 3492 duravitque
1556 3407 1590 3470 in
1612 3409 1673 3473 bac
1696 3409 1834 3488 familia,
1865 3409 1943 3474 dum
1972 3437 1989 3476 s

441 3535 542 3580 annos
570 3525 678 3578 uatum
708 3511 825 3574 xxut
853 3513 1085 3594 imperatorem
1113 3512 1184 3596 ipse
1242 3511 1405 3595 Caligula,
1432 3533 1527 3596 quem
1547 3511 1623 3576 aviti
1645 3523 1678 3573 et
1696 3510 1842 3576 illustres
1867 3515 1988 3580 civium

1236 2289 1271 2350 in
1289 2289 1339 2351 rei
1356 2289 1396 2350 R.
1414 2289 1645 2376 scriptoribus,
1666 2303 1699 2354 et
1713 2291 1891 2378 praecipue
1908 2295 1985 2356 Plu·

1237 2391 1398 2456 turcbum.

438 2701 597 2782 Magnos.

268 3607 272 3616 ¹
304 3641 307 3654 ·
443 3619 610 3682 salutaret.
650 3613 702 3677 Ab
739 3609 857 3676 ecdem
895 3611 1006 3695 paullo
1041 3627 1116 3698 post
1150 3615 1184 3675 in
1241 3614 1326 3678 tituli
1352 3630 1516 3692 usserunt,
1543 3613 1735 3678 aboleretur
1756 3617 1803 3696 ⁰),
1828 3635 1895 3680 non
1920 3617 1990 3680 diu.

433 3712 585 3798 lis-icam
609 3716 741 3792 missus,
769 3727 804 3776 ut
824 3713 883 3778 Cn.
900 3715 1080 3778 Domitium
1100 3715 1187 3780 Abe·
1244 3731 1336 3779 turno
1365 3717 1505 3799 jactura,
1542 3735 1616 3778 nam
1645 3717 1790 3779 restituit
1818 3739 1991 3782 successor

443 3821 623 3887 suberbum
642 3819 682 3882 sd
702 3817 893 3902 obsequium
912 3832 1103 3892 revocaret,
1130 3817 1186 3902 qui
1244 3817 1414 3895 Claudius,
1444 3821 1499 3902 qui
1524 3839 1614 3879 suam
1641 3817 1777 3900 insuper
1800 3817 1901 3884 liliam
1929 3823 1987 3886 Cn.

445 3947 526 3988 unus
545 3944 586 3986 ex
605 3919 794 4007 proscriptis
818 3921 916 3982 armis
937 3940 1010 3982 sesa
1035 3918 1120 3982 lueri
1141 3919 1188 3980 in·
1244 3921 1404 4008 Pompejc
1422 3923 1542 4004 Magno
1561 3941 1698 3984 uxorem
1715 3918 1807 3984 dedit
1829 3917 1872 4003 d),

444 4027 610 4101 tenderat,
638 4021 790 4089 conlecto
811 4013 1187 4086 ieliciserbelloredux
1504 4067 1524 4104 ,
1609 4021 1628 4058 *
1713 4068 1734 4106 4

444 4129 591 4194 maximis
608 4151 625 4191 a
642 4127 733 4190 Sulla
751 4139 785 4190 et
799 4125 952 4187 universo
973 4123 1097 4208 populo
1121 4122 1186 4186 lau·
1387 4125 1452 4188 CN.
1470 4121 1701 4188 P180.Ptt0.
1721 4123 1763 4216 Q.
1798 4125 1906 4208 Oopot
1924 4125 1990 4190 No·

445 4233 539 4306 dibus
556 4233 661 4296 clarus
679 4243 738 4294 esc.
768 4229 918 4310 Longum
939 4239 1025 4289 esset
1044 4225 1187 4302 relerre,
1386 4247 1458 4290 mac
1472 4225 1644 4286 lo'rboturn
1662 4227 1808 4288 cinctum
1824 4229 1992 4290 diademo·

445 4335 570 4424 quantis
590 4332 727 4397 subinde
748 4330 987 4396 accessionibus
1005 4331 1063 4394 has
1082 4326 1187 4392 famae
1247 4389 1251 4400 ,
1386 4342 1435 4402 ss,
1459 4329 1515 4388 coi
1533 4329 1729 4406 inscriptum
1750 4328 1890 4394 NVHA.

445 4437 703 4521 meritorumque
736 4431 895 4521 primitias
928 4431 1072 4507 auxerit,
1112 4430 1189 4494 Ses-
1245 4425 1595 4496 concurrum&
1621 4429 1725 4491 Proto
1741 4433 1847 4494 nuris.
1867 4431 1989 4498 Anu.

483 4747 852 4826 sJInPcmp.p.m.625.
925 4743 1177 4846 blinvlllbol.
1262 4745 1675 4829 cJSoeton.iuCalip,s.3s.
1759 4745 1981 4824 mnium

447 4843 514 4914 be.
