4184 5500
428 575 500 645 tot
558 647 561 656 ,
585 635 593 646 .

1053 491 1343 628 csnctntn.
1407 645 1410 652 Ι

426 727 535 793 indice
563 745 712 801 numum,
746 735 783 786 ut
808 723 956 798 videtur,
988 725 1169 806 stringens.
1225 717 1395 803 descripsi.
1434 714 1523 779 Nihil
1546 671 1702 781 hactenns
1722 715 1897 801 probabile
1919 719 1975 782 ad·

429 831 500 899 AV.
523 826 748 912 (Pembroclt.)
762 825 895 886 Riilill.
915 823 985 885 AR.
1002 823 1043 887 R.

1224 822 1324 885 latum
1344 833 1409 898 est,
1425 839 1489 904 quo
1506 839 1545 881 en
1561 821 1603 882 sit
1617 820 1750 882 nomine
1764 821 1975 904 appellanda.

567 925 1070 994 ttE'rEL.t²tVS.sctP.1uP.
1093 923 1170 987 Tro·
1224 923 1313 986 Ante
1339 921 1447 984 omnia
1486 921 1655 986 literarum
1687 920 1726 986 G.
1758 925 1798 982 Τ.
1825 923 1867 988 A.
1898 943 1978 987 sen.

565 1051 684 1114 purum
702 1032 792 1092 inter
810 1027 983 1091 lituum&
1001 1047 1146 1088 urceum.

421 1133 575 1199 GRASS.
603 1130 691 1198 lVN.
718 1127 819 1190 LEG.
847 1124 1008 1192 PROPR.
1062 1127 1170 1208 Caput

1225 1045 1281 1086 sus
1312 1021 1523 1106 intingendus.
1546 1023 1683 1090 Vrsinus
1710 1022 1810 1106 legit:
1843 1023 1975 1090 Genius

1226 1125 1397 1188 Tutatur-ts
1427 1127 1580 1206 Aegp‘ptt'.
1632 1124 1757 1190 Verum
1789 1123 1868 1208 quid
1901 1124 1975 1188 sct-

425 1237 585 1299 muliebre
602 1233 776 1304 turritum,
795 1227 875 1289 nino
886 1231 988 1309 spica,
1003 1229 1102 1289 illinc
1115 1249 1170 1288 cu·
1224 1226 1316 1312 pioni
1333 1247 1406 1290 cum
1422 1226 1520 1309 genio
1538 1223 1694 1308 Aegypti,
1720 1245 1803 1308 quac
1825 1239 1896 1288 tum
1915 1225 1975 1288 arl-

426 1339 566 1411 ducens,
594 1349 695 1410 supra
710 1332 792 1410 quid
807 1332 917 1390 instar
935 1327 1097 1402 lineolae,
1120 1330 1170 1390 in·

414 1438 481 1520 fro
495 1453 598 1518 prora
616 1433 724 1496 novis.
745 1431 817 1493 att.
833 1430 875 1493 tt.

490 1533 584 1624 Quos
606 1530 782 1613 descripsi,
804 1527 931 1592 denarii
951 1541 1084 1614 praeter
1102 1525 1172 1591 Sci·

428 1636 561 1719 pionem
587 1633 657 1716 ejus
686 1631 782 1694 etiam
808 1633 935 1715 legatos
969 1642 1172 1706 memorant,

428 1737 488 1801 red
502 1747 616 1800 eornm
632 1741 821 1817 argumente
835 1733 875 1798 ed
889 1735 994 1818 ipsum
1011 1733 1091 1795 lere·
1102 1732 1171 1794 Sci·

427 1839 560 1923 pionem
589 1849 713 1900 tautum
739 1836 924 1918 pertinent,
953 1837 1031 1900 licet
1052 1835 1171 1898 horum

421 1939 582 2004 nonnulla
601 1937 763 2004 hariolum
781 1938 914 2000 omnino
931 1937 1112 2023 requirent.

492 2043 595 2124 Ceput
615 2039 781 2122 elephanti
805 2039 891 2102 rictu
913 2052 1035 2101 tectum
1056 2051 1169 2100 notum

429 2157 480 2207 est
494 2143 626 2206 Africae
645 2139 844 2223 symbolum,
867 2153 1007 2202 srstrum
1029 2152 1062 2202 et
1081 2141 1170 2220 spica

426 2245 574 2328 regionis
599 2241 782 2305 ubertatem
805 2240 987 2323 designant.
1025 2240 1170 2324 Egregie

427 2347 492 2410 huc
509 2343 633 2419 velent,
653 2357 687 2406 ιιι
701 2343 765 2426 jam
780 2342 920 2409 advertit
932 2341 1080 2421 llrsiuua,
1100 2362 1172 2408 vcr-

428 2469 482 2512 sus
503 2445 677 2510 Claudiani
687 2449 737 2528 ·)t

495 2649 575 2711 Tum
597 2647 700 2730 spicis
714 2657 748 2708 et
773 2645 871 2708 dente
894 2663 1006 2707 comus
1025 2645 1170 2728 insignis

946 2745 1069 2808 eburno

491 2848 538 2912 Et
559 2845 668 2912 calido
694 2846 875 2912 rubicunde
899 2848 953 2912 die
975 2849 1026 2908 sic
1045 2847 1169 2929 Africa

937 2948 1051 3032 futur.

427 3157 575 3221 Similem
605 3167 735 3237 typum,
774 3174 839 3240 quo
877 3163 1009 3222 notetur
1039 3148 1169 3229 Africa,

427 3259 503 3322 vide
543 3258 578 3318 in
597 3256 720 3338 ,pomis
747 3255 956 3339 Agathoclis,
993 3251 1168 3327 Hadriani,

427 3355 601 3430 Antonini,
624 3355 759 3432 Severi,
783 3356 891 3420 Clodii
910 3355 1035 3432 Macri,
1058 3365 1092 3417 et
1111 3353 1170 3414 ltu·

428 3460 479 3542 jus
497 3455 740 3522 formaeluerit
763 3471 873 3539 cnput,
895 3457 983 3540 qnod
1001 3459 1039 3520 P.
1052 3456 1170 3522 Victor

427 3571 588 3626 memorat
618 3557 652 3620 in
682 3559 721 3620 ll.
748 3559 886 3641 regione
914 3557 1021 3620 urbis:
1064 3559 1171 3640 Caput

423 3665 617 3747 Aphrieue,
645 3674 679 3724 ot
699 3681 800 3744 aquo
819 3658 904 3724 ltsud
928 3659 1027 3722 dubie
1048 3679 1169 3723 nomen

428 3766 491 3831 sibi
527 3783 697 3848 sumpsere
734 3761 1001 3826 PAEDAGOGl.
1038 3762 1078 3826 A.
1102 3762 1170 3822 CA·

427 3867 541 3929 ΡΙΤΕ.
564 3865 772 3941 AFRICAE,
802 3885 884 3949 quos
907 3875 1067 3944 memorat
1088 3883 1171 3924 mar·

427 3989 500 4034 mor
518 3968 603 4052 opud
619 3965 776 4049 sponium
792 3963 834 4047 b).
864 3965 916 4027 De
936 3984 1063 4040 aversa,
1087 3983 1169 4049 quse

428 4072 543 4136 aaltcm
560 4081 673 4153 aperte
701 4067 742 4132 acl
767 4064 954 4150 Scipionem
977 4086 1045 4128 non
1064 4063 1169 4149 perti·

424 4185 499 4250 net,
522 4184 637 4256 agetur
652 4173 686 4234 in
704 4183 803 4256 gente
824 4168 939 4253 Eppia.

489 4277 690 4358 Argumenta
706 4271 739 4336 in
754 4272 860 4358 numit
872 4269 1025 4356 reliquis,
1046 4267 1101 4354 qui
1115 4289 1169 4332 au·

418 4391 555 4440 ¹ctorem
584 4375 705 4439 habent
733 4379 885 4439 Crassum
911 4373 1096 4448 lunianum,
1126 4371 1167 4434 de

415 4498 494 4562 ,quo
510 4491 626 4560 egetur
643 4477 675 4537 in
695 4489 793 4558 gente
813 4475 955 4550 Licinia,
977 4489 1068 4538 sunt:

492 4577 612 4640 Mulier
630 4577 718 4644 numi
733 4577 773 4641 11.
791 4592 898 4650 coest
915 4579 1022 4656 cultu,
1038 4576 1166 4664 quatem

1225 1328 1289 1392 huc
1303 1327 1445 1412 propriis
1457 1325 1590 1407 regibus
1608 1325 1737 1409 paruit?
1756 1326 1873 1390 Tutius
1887 1347 1975 1413 ergo

1227 1429 1406 1492 secundum
1444 1427 1653 1496 Vaillentium
1696 1426 1843 1511 aliosque
1877 1430 1977 1515 lege·

1227 1543 1281 1592 tur
1311 1531 1457 1613 Africae.
1508 1527 1724 1591 Simulacrum
1760 1529 1852 1592 numi
1890 1532 1978 1594 anti·

1228 1631 1333 1717 querii
1366 1642 1480 1694 onmes
1519 1629 1633 1693 slixere
1667 1628 1798 1699 isidem.
1856 1631 1975 1696 Facile

1227 1733 1410 1816 ignoverim
1428 1731 1548 1802 Vrsino'
1561 1731 1607 1796 sic
1620 1731 1783 1809 censenti,
1805 1753 1880 1794 nam
1895 1753 1976 1796 cum

1226 1835 1355 1898 literam
1377 1837 1406 1895 A
1425 1853 1498 1900 esse
1521 1831 1692 1918 ἅρχαιισαι
1717 1835 1859 1918 Aegypti
1880 1848 1976 1918 pota·

1227 1950 1295 2012 ret,
1326 1937 1423 2000 facile
1453 1935 1488 1997 in
1514 1936 1692 2020 peregrino
1716 1936 1781 1998 ltoo
1803 1937 1894 1998 cultu
1914 1937 1974 2000 lsi·

1228 2037 1304 2100 dem
1327 2037 1427 2116 vidit,
1461 2060 1544 2124 quae
1569 2037 1630 2099 luit
1650 2037 1889 2120 Aegyptiorum
1913 2059 1975 2103 ma·

1227 2159 1314 2205 men.
1357 2141 1400 2203 At
1425 2142 1529 2204 miror
1555 2139 1763 2208 Vailleutium
1790 2152 1824 2202 et
1845 2141 1977 2206 Heter-

1228 2262 1397 2326 campum,
1434 2243 1491 2328 qni
1518 2261 1592 2305 cunr
1615 2241 1649 2302 in
1677 2239 1748 2321 ejus
1768 2239 1885 2304 literne
1915 2261 1975 2306 ox·

1227 2343 1349 2428 plicatu
1367 2343 1407 2406 ab
1424 2344 1545 2412 Vrsino
1564 2341 1791 2420 discederent,
1811 2341 1976 2407 Africam·

1229 2466 1291 2532 que
1309 2465 1348 2508 ea
1365 2445 1505 2531 intelligi
1523 2457 1722 2522 statuerent,
1739 2444 1772 2506 in
1787 2441 1975 2508 adserenda

1227 2561 1336 2611 tamen
1357 2545 1443 2611 laide
1464 2548 1705 2630 conspirarent,
1741 2567 1838 2631 quam
1861 2558 1974 2610 tamen

1227 2649 1327 2710 inisse
1352 2647 1439 2712 inter
1459 2650 1581 2730 Libyae
1609 2663 1643 2713 et
1664 2648 1795 2710 Airicee
1814 2650 1972 2734 propriae
2083 2645 2084 2656 ¹

1139 2809 1155 2820 ,
1226 2751 1357 2812 numina
1390 2763 1576 2834 receptam,
1614 2751 1659 2814 ric
1683 2763 1723 2812 ιιι
1750 2749 1822 2830 ejus
1854 2749 1973 2834 genius

1225 2851 1372 2914 tuteleris
1408 2849 1473 2914 elici
1510 2851 1687 2936 potuisset,
1726 2852 1819 2913 nulio
1855 2873 1972 2914 monu-

1225 2951 1571 3038 mento-probaverint.
1604 2954 1733 3016 'l'uetur
1748 2949 1881 3036 qnirletu
1897 2971 1972 3016 sen·

1226 3055 1359 3118 tentiam
1379 3075 1469 3118 susm
1488 3055 1732 3138 Hareroempus
1755 3053 1856 3116 simili
1872 3053 1971 3130 Iside,

1227 3177 1322 3240 quam
1349 3155 1392 3219 ait
1419 3169 1547 3220 exstare
1572 3155 1606 3216 in
1627 3155 1752 3219 'l'sbula
1778 3155 1900 3236 laiaca3
1936 3170 1973 3218 et

1226 3257 1259 3318 in
1283 3257 1399 3322 endem
1421 3257 1510 3341 juxta
1532 3255 1716 3322 adcuratam
1742 3257 1871 3322 comitis
1891 3259 1973 3341 Cay-

1225 3357 1276 3420 lus
1303 3359 1480 3443 pictorem,
1516 3379 1612 3444 qnam
1642 3361 1749 3422 'I'omo
1766 3360 1823 3426 Vl.
1850 3379 1972 3445 propo-

1226 3459 1308 3536 ιιιίι,
1346 3473 1442 3544 ceput
1473 3461 1622 3524 caninum
1653 3481 1716 3544 pro
1741 3459 1877 3525 leonino
1907 3475 1971 3530 est.

1227 3562 1352 3627 Verum
1378 3575 1412 3625 ut
1436 3561 1533 3626 facilc
1557 3577 1609 3627 cst
1630 3561 1806 3628 deturbare
1831 3561 1971 3638 lsitlem,

1227 3661 1270 3724 ita
1290 3661 1424 3726 ‹liilieilo
1442 3685 1556 3730 tetum
1582 3665 1615 3730 ei
1637 3685 1758 3728 nomeu
1785 3663 1972 3747 imponere.

1227 3763 1316 3826 istud
1335 3779 1480 3844 certum,
1501 3787 1575 3830 esse
1595 3787 1733 3842 numen,
1764 3765 1855 3850 quod
1873 3787 1973 3848 pecu·

1227 3863 1300 3928 liari
1316 3867 1413 3929 modo
1438 3867 1470 3931 ei
1491 3867 1608 3931 tractui
1629 3887 1785 3951 praeesse
1806 3868 1972 3934 creditum

1229 3979 1289 4031 est.
1325 3967 1488 4052 Reperio,
1514 3969 1615 4032 luisse
1634 3969 1972 4054 opud.Carthaginem
2082 4005 2083 4020 ι

1227 4067 1434 4134 simulacrum
1463 4091 1483 4134 e
1511 4069 1642 4134 Didone
1673 4069 1720 4132 ibi
1754 4071 1972 4150 collocatum,

1226 4171 1314 4254 quod
1327 4170 1448 4255 Libyes
1462 4171 1634 4250 Vraniem,
1654 4171 1713 4236 alii
1728 4172 1826 4236 aliter
1842 4171 1971 4252 dixere,

1226 4283 1260 4335 et
1289 4292 1371 4358 quae
1402 4271 1518 4336 eedem
1545 4293 1620 4338 cam
1649 4273 1726 4338 lons
1759 4273 1887 4354 habita,
1927 4275 1971 4340 de

1226 4393 1288 4458 qun
1313 4373 1405 4456 plura
1439 4376 1767 4441 commemorsbimus
1796 4377 1832 4440 in
1863 4379 1971 4442 numia

1226 4473 1343 4538 Severi
1369 4487 1403 4538 et
1430 4475 1615 4542 caracellae
1644 4477 1685 4541 atl
1714 4499 1835 4542 annum
1864 4481 1907 4548 V.
1929 4481 1969 4550 C.

1223 4577 1304 4660 pio,
1343 4573 1529 4662 inquibus
1567 4577 1681 4646 eadem
1717 4579 1780 4644 dea
1815 4585 1971 4668 proponi·
