4184 5500
410 595 475 660 gp
834 599 867 678 λ,
960 559 1436 638 PROLEGOMENA·

418 763 478 808 cur
511 737 867 807 commentaria-auor
899 733 1156 820 temperaverint
1212 753 1295 820 optat
1325 751 1419 812 auum
1450 727 1501 814 la,
1524 727 1656 818 lamiliia
1685 731 1883 800 aiiorellio
1915 733 1961 798 rii-

414 843 554 916 Vraiuua
577 825 611 906 et
633 836 785 920 Patinoa,
824 850 858 902 et
875 857 951 924 eum
975 837 1156 905 verisimile
1213 829 1317 922 gitatin,
1343 833 1386 913 ari
1406 854 1496 914 earn,
1521 856 1619 920 quam
1639 833 1807 916 videmur,
1837 839 1961 905 molem

413 945 498 1009 nihil
514 944 627 1010 «licere
650 954 801 1027 portent,
828 953 897 1006 turn
917 940 1091 1006 maluerint
1109 938 1157 1008 ni·
1212 937 1397 1023 promovit,
1435 955 1518 1023 quae
1549 937 1619 1001 nola
1648 936 1838 1006 absterrere
1865 941 1964 1023 hujus

415 1047 462 1109 hil
480 1047 587 1130 potior
611 1044 740 1122 (licere,
772 1067 866 1131 quam
888 1041 1025 1105 iniit-mia
1049 1040 1158 1122 conje·
1215 1041 1317 1124 poerit
1333 1039 1491 1103 scientiae
1513 1039 1711 1117 rtutlioaum,
1734 1043 1791 1124 qui
1808 1060 1883 1104 ctam
1900 1063 1966 1105 ma·

416 1150 516 1214 eturia
530 1166 654 1230 augere
668 1148 778 1229 operia
795 1146 927 1210 molem.
945 1141 1048 1210 „atiud
1060 1137 1163 1203 virum
1220 1161 1316 1224 gnam
1330 1154 1456 1226 partem
1478 1153 1626 1204 vereatur
1639 1141 1674 1202 in
1689 1141 1862 1205 refutando
1877 1145 1967 1212 Vall-

418 1249 613 1328 Vuillantio,
641 1251 802 1310 audacior
819 1267 899 1329 ogo,
920 1243 1023 1327 inquit
1040 1245 1087 1325 ¹),
1113 1243 1164 1304 ni·
1219 1241 1340 1320 lentio,
1368 1261 1405 1304 ae
1428 1241 1549 1304 deinde
1569 1263 1642 1305 ruas
1666 1243 1775 1325 prodit
1799 1246 1968 1328 conjectu-

419 1356 471 1416 ltr'l
499 1353 632 1413 omnino
669 1331 833 1409 tricorium
862 1348 951 1409 milti
979 1345 1164 1421 relinquen·
1193 1347 1272 1406 ‘rar
1295 1364 1361 1406 non
1380 1362 1455 1406 raro
1479 1363 1584 1426 aeque
1613 1343 1774 1421 inlirmaa,
1807 1358 1905 1431 atque
1926 1345 1969 1408 ad

419 1455 499 1514 dum
518 1449 732 1522 existimavi,
762 1469 802 1510 ne
821 1451 988 1509 studiosos
1003 1449 1055 1507 rei
1076 1446 1164 1506 anti·
1220 1443 1384 1507 fastidium
1408 1443 1581 1518 verbosas,
1609 1445 1709 1523 lecit,
1737 1458 1774 1508 ut
1799 1467 1863 1528 pro
1893 1445 1967 1510 unis

420 1553 560 1632 quartae
585 1549 691 1610 voluti
703 1549 844 1629 frustra
865 1548 997 1609 hiantes
1019 1546 1166 1610 dimitte·
1221 1543 1314 1608 binas
1348 1541 1524 1608 habeamur
1559 1545 1680 1610 mirere
1717 1545 1966 1611 exhauriendas.

421 1669 500 1715 rem.
540 1647 616 1738 Quo
639 1648 735 1710 timul
757 1645 934 1710 eonatitato
958 1647 1040 1710 nibil
1064 1657 1115 1708 eat
1131 1644 1167 1706 in
1223 1643 1260 1708 Si
1284 1644 1427 1730 pudebat
1455 1647 1602 1710 eruditor
1623 1647 1760 1724 llviroa,
1799 1649 1969 1732 aliquare

422 1751 488 1814 irto
506 1769 679 1813 numerum
698 1769 822 1832 genere
843 1747 1057 1833 explicanda,
1078 1743 1167 1830 qaorl
1221 1749 1352 1812 neaoire
1369 1745 1535 1830 profiteri,
1564 1761 1757 1831 oportuerat
1771 1749 1970 1826 meminisse,

422 1871 490 1916 uon
510 1863 664 1941 attentet,
694 1849 776 1912 nihil
798 1861 862 1912 tarn
885 1851 1017 1933 planum
1038 1869 1077 1912 ae
1093 1849 1168 1910 airu·
1223 1847 1276 1917 vel
1301 1849 1407 1932 ipaum
1432 1845 1534 1925 illutl,
1566 1849 1671 1925 seire,
1703 1849 1781 1932 quid
1813 1851 1892 1914 tciri
1916 1873 1971 1914 ne·

423 1956 518 2038 pler,
536 1974 599 2018 eeu
617 1953 651 2014 in
667 1973 743 2016 area
757 1951 846 2014 nant
862 1952 975 2028 litera,
1001 1970 1167 2026 numeror,
1227 1963 1341 2036 qaeat,
1370 1967 1520 2036 maguam
1545 1967 1618 2011 aare
1641 1949 1801 2014 scientiae
1826 1966 1970 2036 partem,

422 2057 583 2147 tigillum,
606 2059 640 2115 in
657 2074 721 2138 quo
735 2074 801 2116 non
819 2051 953 2137 dignum
972 2051 1093 2134 aliquid
1105 2051 1172 2113 ani·
1227 2065 1262 2115 et
1284 2051 1469 2124 Socratem,
1505 2062 1541 2112 ut
1571 2063 1621 2116 ott
1651 2050 1738 2135 apud
1759 2053 1970 2136 Tullianae),

424 2157 654 2224 madraraiona
685 2154 813 2234 videat3
857 2175 931 2216 uam
959 2151 1085 2214 dixerat
1114 2149 1171 2214 ali·
1226 2151 1305 2215 ideo
1333 2149 1373 2214 ab
1405 2147 1558 2240 Apolline
1596 2153 1740 2234 omnium
1776 2155 1973 2237 sapientissi-

424 2255 526 2342 bib)=
548 2259 637 2320 nihil
653 2259 740 2320 onim
757 2257 794 2316 r‘n
811 2255 959 2316 &uariis
976 2257 1048 2314 sine
1068 2272 1171 2314 roura
1227 2271 1317 2314 mum
1344 2269 1417 2314 erae
1448 2251 1588 2331 dietum,
1627 2251 1716 2340 quod
1744 2253 1779 2318 irl
1806 2278 1907 2322 uuum
1936 2281 1970 2324 re

423 2362 614 2450 opponitur.
651 2355 745 2440 Ergo
764 2374 838 2420 cam
860 2353 1040 2436 Yietoriam
1065 2351 1171 2429 ridet,
1228 2351 1314 2416 rtire
1330 2363 1380 2416 eat
1395 2351 1582 2436 proluatur,
1604 2377 1640 2419 ae
1658 2356 1741 2422 nihil
1758 2356 1857 2425 orire.

424 2457 517 2524 norit
538 2457 685 2520 indicare
705 2455 892 2533 victoriam,
919 2469 1171 2542 propterquam
1289 2453 1391 2522 Varla
1407 2468 1513 2519 aetate
1536 2457 1618 2522 rarii
1634 2456 1789 2541 placuere
1808 2459 1894 2544 typi,
1929 2460 1970 2522 dr

427 2581 466 2626 ea
478 2559 516 2640 iu
529 2579 631 2620 numo
644 2559 860 2640 proponitur,
876 2578 949 2621 eum
964 2570 1060 2641 eaput
1071 2553 1173 2639 Apol·
1229 2555 1344 2646 quibua
1362 2577 1449 2620 nune
1471 2577 1572 2642 agere
1591 2557 1811 2642 auperretleo,
1838 2561 1913 2645 quia
1926 2583 1975 2624 ar·

428 2660 523 2736 linia,
544 2659 727 2723 iudicantur
750 2657 820 2722 ludi
837 2657 1064 2743 Apollinares,
1097 2675 1173 2722 oum
1231 2671 1421 2754 gementum
1439 2657 1527 2722 istud
1543 2659 1673 2744 plenior
1690 2681 1873 2748 persequar
1890 2661 1975 2726 infr-a

427 2761 580 2838 Cereris,
606 2759 763 2840 Cerialia,
787 2782 860 2824 eum
883 2763 1021 2848 lllagnae
1042 2756 1173 2835 Matris,
1232 2759 1483 2846 eapiteXVlst,
1503 2759 1538 2822 in
1554 2780 1619 2847 quo
1634 2783 1728 2847 agam
1744 2761 1786 2827 ala
1801 2761 1975 2828 chronolo-

428 2861 627 2952 Megalesia,
648 2863 755 2954 iprum
772 2861 855 2926 adeo
872 2885 1010 2940 annum,
1034 2882 1100 2950 quo
1112 2861 1177 2924 ain·
1237 2863 1290 2948 gia
1303 2883 1476 2926 numerum
1490 2861 1697 2928 familiarum.
1780 2889 1783 2896 ·

433 2965 502 3056 guli
518 2964 610 3030 numi
626 2967 696 3030 onai
716 2977 791 3030 aunt
810 2983 990 3052 eorumque
1008 2975 1176 3027 auctorem
1296 2965 1389 3030 Haeo
1407 2965 1441 3026 in
1459 2983 1584 3048 genere
1602 2961 1646 3027 de
1667 2963 1752 3050 typis
1770 2965 1913 3050 praefari
1936 2967 1980 3032 ti·

431 3083 496 3138 tarn
520 3069 725 3134 confidenter
744 3065 875 3145 definit,
917 3078 1066 3150 tanquam
1094 3063 1179 3128 haee
1235 3087 1318 3132 aum.
1355 3067 1408 3130 De
1424 3065 1560 3150 singulis
1578 3080 1695 3150 agetur
1712 3065 1747 3130 in
1763 3067 1871 3132 numia
1889 3067 1978 3152 ipris,

433 3171 541 3238 omnia
559 3172 650 3236 numi
670 3171 733 3256 ipai
757 3167 886 3233 ‹litertir
911 3167 1023 3234 verbio
1046 3169 1180 3254 eloque-
1236 3181 1305 3232 turn
1333 3167 1432 3233 etiam
1455 3187 1520 3254 per
1541 3165 1646 3252 capita
1664 3169 1816 3256 pronime
1842 3189 1981 3256 nequeu-

437 3287 563 3338 rentur.
599 3271 728 3336 Eodem
756 3270 910 3356 exemplo
934 3271 1181 3358 Barettampua
1237 3270 1292 3336 lie.

998 3551 1424 3580 '‘m-
1554 3569 1557 3578 a

945 3949 1490 4116 carvrtx.

752 4292 756 4298 Ι
891 4201 951 4272 De
984 4195 1165 4298 capitibus
1199 4195 1314 4297 partia
1348 4195 1537 4272 adversae.

451 4430 625 4562 Deorum
649 4475 850 4559 clerumque
872 4475 976 4559 eapite
1001 4495 1075 4540 oum
1093 4492 1136 4540 ex
1155 4472 1195 4535 li·
1250 4473 1326 4535 tatia
1369 4475 1605 4558 rugnoaeimua.
1662 4479 1875 4545 Lineamearta
1898 4441 1991 4546 *oum

452 4579 651 4654 normantia,
689 4589 757 4638 tum
794 4577 956 4641 attributio
997 4577 1193 4662 pleramque
1249 4573 1402 4639 arlonrue
1423 4594 1579 4660 expreau
1601 4593 1776 4658 nunaunt,
1806 4603 1881 4646 natu
1905 4585 1994 4648 artri·

488 4807 520 4880 a)
539 4801 665 4864 Praesat.
684 4799 798 4876 §.vlit
870 4801 907 4872 lt)
926 4799 1165 4878 Tamiram·
1235 4797 1670 4878 a)ae·‹tqunaat.t.1.e.a
