4212 5516
662 539 818 616 NVMi
847 537 1261 616 CONSVLARES.
1696 565 1719 630 3

164 713 308 794 repletos
331 711 503 788 dicebant,
533 711 619 788 loci,
647 711 711 774 doc
737 723 805 789 est,
834 714 911 792 ugri
967 721 1119 774 monetes
1142 721 1253 793 typos,
1278 709 1390 774 sedet
1414 711 1718 778 sscrffirtaeuors·

160 813 296 896 pteron
319 813 464 892 pecunie
485 814 559 892 ipso
584 831 605 872 u
623 831 743 893 pecore
767 811 916 893 appella·
968 809 1099 874 taurilis
1116 805 1312 878 servierunt.

161 915 273 976 datur.
294 911 338 974 Et
353 911 417 994 jum
436 910 515 976 oiim
531 911 651 977 Cicero
666 912 715 993 ·)r
743 911 913 989 multaque
1031 909 1124 974 Hueo
1138 909 1232 973 nobis
1248 913 1427 996 scriptores
1441 929 1572 981 veteres
1589 915 1632 980 de
1649 935 1719 982 nto·

163 1015 292 1078 'riitione
312 1017 438 1090 urium,
460 1025 492 1075 et
508 1014 621 1088 boum,
641 1013 730 1091 quod
744 1023 824 1074 tunc
839 1022 919 1076 erut
967 1023 1064 1078 netso
1080 1012 1123 1076 Η.
1142 1029 1201 1074 sen
1219 1010 1426 1096 antiquitate,
1455 1035 1515 1080 sess
1540 1017 1716 1102 primaerio

163 1135 215 1178 res
234 1117 404 1196 inperare
423 1127 456 1176 et
475 1118 512 1176 in
535 1114 684 1176 Iocorum
697 1113 913 1194 possessioni·
967 1111 1053 1192 typis
1078 1111 1256 1176 memoriae
1284 1113 1414 1196 prodita
1444 1113 1625 1200 reliquere.
1665 1119 1718 1182 Eo

163 1215 243 1290 dur,
260 1233 305 1278 esc
320 1233 384 1296 quo
398 1217 590 1296 pecuniosi,
611 1225 648 1276 et
661 1213 844 1296 locupletes
857 1233 913 1276 vo·
968 1211 1156 1296 conspirant
1174 1229 1311 1291 omnes,
1335 1215 1596 1282 vetustissimam·
1609 1219 1717 1302 gentio

164 1316 339 1381 cohorter.
369 1313 466 1380 Adde
485 1315 674 1384 Varronem
693 1311 744 1396 n),
773 1327 834 1377 aut
856 1315 912 1376 bo·
967 1324 1132 1376 monetam
1157 1310 1259 1378 fuisse
1285 1333 1442 1395 sancum,
1474 1317 1574 1404 idque
1599 1318 1716 1382 confir·

164 1405 262 1492 atem,¹
283 1429 344 1480 aut
360 1435 465 1492 onem,
493 1427 553 1480 aut
569 1435 735 1480 vervecem
750 1413 849 1478 dohet
866 1415 913 1477 si·
968 1425 1059 1476 mant
1073 1411 1163 1476 numi
1176 1413 1386 1496 superstites,
1402 1431 1439 1480 ut
1453 1417 1591 1483 dicetur.
1614 1418 1715 1482 Aliud

28 1580 33 1589 ,
162 1537 279 1602 gnum.
307 1515 397 1582 Idem
418 1517 496 1582 alibi
511 1519 560 1602 0)=
582 1531 616 1580 at
636 1518 725 1598 quod
746 1535 802 1579 nes
824 1517 912 1578 antif
968 1511 1070 1577 fuisse
1093 1512 1273 1580 institutum
1294 1533 1363 1578 non
1388 1517 1488 1582 modo
1510 1517 1646 1583 Graecia
1666 1539 1720 1584 re·

165 1621 360 1697 quissimum
372 1639 487 1700 pecore
500 1633 551 1683 est
564 1630 726 1682 notatum.
743 1617 788 1680 Et
799 1615 914 1700 paullo
970 1613 1180 1692 notioribus,
1200 1615 1259 1680 aad
1276 1630 1311 1680 et
1329 1617 1465 1698 Siculis,
1484 1633 1518 1685 et
1535 1619 1718 1686 nationibus

165 1717 268 1784 iutrrr
300 1719 363 1782 Est
381 1723 523 1784 scientio
540 1721 671 1800 pecoris
685 1719 849 1798 parandi,
875 1729 914 1778 nt
970 1716 1033 1800 ipsi
1056 1716 1182 1779 Romae
1205 1720 1436 1798 conterminis,
1465 1741 1601 1806 quarum
1628 1721 1719 1786 nomi

156 1825 298 1906 fiuntur
316 1837 414 1895 quom
430 1821 562 1900 possint
578 1819 719 1879 maximi
737 1819 913 1897 cupiuntur
970 1815 1184 1900 antiquissimi
1210 1818 1344 1882 inerunt
1369 1822 1461 1886 antei
1490 1836 1523 1886 et
1551 1823 1717 1910 argentei,

166 1939 210 1982 ex
228 1939 284 1994 eu,
309 1939 331 1980 a
351 1918 470 1996 onibus
489 1921 564 2000 ipsu
580 1917 723 1996 pecunia
740 1917 913 1978 nominata
969 1915 1173 1978 recentiores
1190 1919 1301 1991 senei,
1326 1919 1557 2002 disputavimus
1583 1925 1617 1987 iu
1639 1925 1719 1988 Pro·

166 2033 229 2084 ert.
258 2017 346 2082 Nam
368 2021 476 2080 omnis
492 2019 658 2098 pecuniae
672 2035 774 2098 pecus
782 2015 911 2096 funda·
968 2013 1152 2099 isgomenis
1170 2017 1380 2100 generalibus
1398 2039 1469 2101 cap.
1485 2023 1569 2088 v111.
1600 2025 1717 2088 sintne

165 2125 321 2184 mentum.
344 2117 388 2180 Et
402 2117 489 2181 inter
505 2127 641 2181 exteros
653 2129 804 2206 auctores
820 2115 909 2176 Piut·
967 2137 1010 2180 ex
1034 2117 1140 2180 numia
1165 2119 1338 2196 Romanis,
1365 2119 1421 2203 qui
1440 2137 1632 2210 supersunt,
1662 2125 1720 2187 sli-

165 2220 282 2286 archus
310 2219 450 2304 loquens
476 2217 518 2282 de
543 2219 766 2282 Romanorum
797 2227 908 2278 moue·
967 2215 1024 2302 qui
1038 2217 1138 2282 aetati
1154 2219 1263 2284 Servii
1280 2219 1460 2302 synchroni
1476 2221 1637 2302 habendi,
1664 2241 1719 2290 aut

165 2335 197 2386 ts
218 2321 270 2405 d)r
293 2343 342 2381 και
364 2341 422 2382 ros
448 2333 640 2404 rcprepseos
660 2342 726 2392 τοις
741 2321 910 2380 παλαιοτιι·
967 2337 1007 2383 es
1024 2337 1092 2384 non
1110 2317 1285 2386 admodum
1305 2319 1527 2398 recentiores,
1554 2325 1716 2390 examina·

166 2447 231 2500 τοις
255 2427 304 2496 βων
319 2419 548 2506 desperemus,
572 2419 774 2504 ἤπςοβατοι,
799 2419 818 2494 η’
841 2433 912 2496 rvr,
966 2419 1074 2486 bimus
1092 2421 1198 2508 capita
1217 2425 1258 2490 11.
1279 2419 1360 2509 Μ,
1378 2441 1444 2506 quo
1466 2421 1543 2487 ioco
1561 2427 1721 2492 examina·

166 2539 199 2588 et
221 2526 330 2588 sumis
348 2525 584 2587 vetustissimis
600 2521 721 2597 donem,
738 2521 793 2584 vel
807 2540 914 2596 ovem,
967 2521 1073 2586 bimus
1091 2542 1238 2608 quoque,
1260 2537 1369 2586 utrum
1386 2523 1566 2588 verisimile
1584 2526 1640 2600 sit,
1663 2549 1717 2592 ve·

166 2625 220 2690 vel
236 2645 328 2690 suem
349 2625 608 2706 insculpseruut,
634 2620 722 2706 qnod
740 2622 767 2684 si
783 2641 909 2700 verum,
970 2623 1174 2688 tustiasimam
1192 2625 1417 2692 Romanorum
1431 2639 1597 2693 monetam
1614 2627 1718 2696 tuisse

166 2728 228 2792 tris
242 2728 323 2793 hseo
340 2723 488 2792 cnimalia
506 2723 660 2790 Romanis
676 2743 744 2790 non
760 2723 859 2788 modo
876 2725 910 2787 in
967 2723 1096 2808 pecude
1118 2726 1285 2810 signatam.

776 3051 1100 3080 ‘m

707 3527 1090 3642 CAPVT
1159 3525 1227 3638 ΙΙ.

618 3805 674 3876 De
701 3821 848 3880 moneta
876 3831 991 3881 eenen
1013 3809 1274 3881 Romanorum.

168 4031 288 4157 Cum,
309 4095 346 4145 nt
362 4081 518 4178 vidimus,
543 4077 683 4144 Romani
705 4079 739 4140 iu
763 4081 912 4148 feriunda
968 4105 1050 4150 mus.
1089 4083 1234 4150 Necesse
1258 4098 1340 4146 vero
1363 4091 1430 4156 est,
1464 4079 1630 4146 materiam
1660 4079 1716 4146 ali»

166 4196 296 4248 monete
312 4183 352 4246 ab
373 4203 450 4248 aare
469 4185 533 4248 sint
553 4177 723 4266 auspicati,
754 4181 793 4244 ab
816 4185 911 4265 hujus
970 4201 1089 4272 quanto
1104 4185 1294 4250 uber-iorem
1311 4179 1348 4242 iu
1367 4182 1479 4264 plures
1497 4181 1651 4249 articulo,
1667 4183 1714 4246 di.

168 4285 291 4349 metelli
320 4299 449 4349 moneta
472 4285 644 4349 commode
667 4284 794 4346 initium
815 4283 913 4350 iscie·
969 4305 1137 4372 spescere.

206 4673 238 4743 a)
256 4671 299 4728 De
316 4669 390 4746 Rep.
406 4669 438 4726 t.
449 4669 486 4728 11.
505 4669 586 4746 apud
598 4671 675 4727 Non.
691 4671 822 4728 Marcell.
868 4743 872 4752 Ι
908 4669 945 4740 b)
965 4631 1003 4728 de
1018 4667 1077 4734 vir.
1091 4689 1162 4748 pop.
1179 4669 1340 4734 Romki.
1430 4675 1462 4745 c)
1482 4673 1520 4730 ds
1537 4670 1572 4729 tt.
1586 4669 1621 4728 tt.
1637 4671 1668 4728 L.
1679 4667 1716 4730 11.

168 4779 192 4815 c.
204 4773 226 4818 t.
302 4759 336 4832 d)
356 4759 386 4816 in
400 4757 513 4835 Poplio.
532 4769 561 4815 et
574 4759 606 4820 in
620 4757 739 4831 Quaest.
752 4759 837 4820 Rom.

1418 4852 1489 4914 An
