4184 5500
413 563 481 644 ¹60

774 719 794 758 s

556 828 621 892 CN.
634 769 744 887 PVSO.
762 763 897 914 PROQs
922 819 1026 902 Caput
1042 821 1156 882 burbu-

557 943 626 990 tum
643 931 787 988 uinctum
810 925 1013 998 diademate,
1037 923 1093 984 eui
1107 927 1157 986 in·

557 1029 715 1121 scriptum
734 1024 871 1090 NVMA.

414 1129 549 1196 MAGN.
575 1124 763 1192 Pltocos,
808 1129 913 1188 Proru
939 1129 1044 1190 navis.
1085 1123 1155 1188 Ait.

798 1229 811 1264 f

415 1235 581 1416 RRiiaput
604 1331 729 1408 Numae
767 1324 802 1386 iu
835 1326 941 1387 numia
967 1323 1033 1387 auis
1059 1325 1156 1408 jaetat

414 1456 495 1521 gens
512 1431 700 1516 Calpurnia,
723 1425 810 1512 quod
830 1427 911 1490 haee
929 1445 1002 1488 sese
1021 1426 1155 1508 aCalpo

412 1533 567 1620 Pompilii
589 1534 713 1592 Numae
735 1529 773 1592 1⁴¹.
800 1541 1002 1610 procreatam
1029 1527 1157 1610 praedi-

414 1637 527 1712 cubat,
556 1647 591 1696 ut
613 1631 735 1694 diserte
756 1644 866 1692 narrat
889 1629 1084 1692 Plutarchus
1107 1629 1155 1710 ¹),

416 1751 450 1804 et
465 1739 581 1802 Festus
605 1733 648 1812 b).
689 1730 785 1799 Vnde
805 1746 839 1794 et
856 1732 1010 1795 Horatius
1032 1732 1066 1794 in
1089 1731 1159 1814 epi·

416 1841 498 1904 stola
511 1837 551 1902 ad
561 1837 713 1906 Pisonest
748 1837 816 1897 Vos
837 1858 857 1897 o
883 1835 1066 1915 Pompilius
1084 1851 1157 1894 sau·

414 1947 503 2026 guis.
539 1941 582 2002 Et
597 1937 742 2002 laudatus
770 1958 867 2021 supra
891 1934 1017 1999 Saleius
1037 1935 1185 1996 Bassus⁴

417 2064 514 2109 versu
530 2049 561 2117 4.

1012 545 1363 624 CALPVRNIA.

1326 709 1472 792 juvenile
1500 711 1742 786 diadematum,
1763 729 1826 792 per
1847 729 1960 776 arcam

1284 807 1288 816 '
1333 833 1474 890 eoronu,
1497 813 1743 894 capedunculu,
1766 826 1906 876 astrum.

1213 915 1389 984 M..PlSO.
1412 917 1459 978 M.
1486 914 1524 977 F.
1537 913 1680 981 FRVCl.
1721 917 1843 976 Patere
1859 927 1894 977 et
1912 935 1966 978 se·

1214 1022 1357 1100 cuspite,
1377 1019 1489 1078 omniu
1506 1019 1598 1077 intro
1616 1014 1776 1076 laureum.
1799 1015 1871 1080 AR.
1889 1015 1964 1080 ms.

1276 1118 1329 1180 Ad
1353 1138 1451 1204 quem
1465 1111 1520 1179 Ἤ.
1539 1115 1694 1210 Pisonem
1714 1112 1903 1199 pertineant
1927 1115 1965 1178 lsi

1214 1221 1360 1298 denarii,
1394 1219 1598 1302 conjecturas
1630 1237 1704 1279 suas
1731 1220 1874 1282 attulere
1902 1220 1967 1284 Vr·

1212 1325 1300 1388 ainus
1328 1335 1361 1386 et
1384 1323 1649 1401 Havercampus,
1678 1340 1775 1403 quas,
1808 1321 1836 1382 si
1857 1320 1966 1396 lubet,

1211 1426 1275 1490 adi.
1332 1425 1447 1506 Neque
1488 1420 1565 1482 satis
1605 1405 1773 1503 explorata
1806 1434 1963 1504 typorum

1212 1527 1308 1592 ratio.
1352 1523 1507 1598 Vrsinus,
1536 1541 1633 1606 quem
1661 1523 1765 1586 secuti
1789 1537 1864 1586 suut
1885 1525 1969 1586 reli·

1214 1629 1289 1712 qui,
1338 1626 1372 1687 in
1418 1625 1552 1709 priore
1578 1641 1678 1686 numo
1728 1624 1858 1706 signum
1910 1627 1968 1689 dei

1214 1727 1381 1806 Termini,
1404 1727 1438 1788 in
1454 1725 1558 1788 altero
1576 1724 1646 1805 ejus
1669 1713 1770 1808 ipsius
1794 1741 1892 1810 eaput
1920 1728 1968 1792 vi·

1215 1829 1280 1908 dit,
1324 1849 1441 1912 quem,
1484 1813 1597 1889 ut'et
1630 1849 1704 1891 vasa
1742 1829 1968 1910 pontificalia,

1214 1931 1385 2018 proposuit
1406 1930 1483 1992 Piso
1506 1927 1771 1992 adiudicandum
1796 1933 1965 2015 originem

1214 2057 1234 2098 a
1263 2034 1368 2095 Numa
1404 2031 1604 2114 religionum
1638 2043 1773 2094 auctore
1814 2034 1966 2110 dueum,

1091 2137 1093 2155 '
1217 2137 1272 2220 qui
1300 2136 1422 2217 primus
1450 2132 1607 2195 Termino
1635 2133 1669 2198 in
1694 2133 1782 2196 colle
1815 2137 1964 2220 Tarpejo

492 2321 494 2325 Ι
601 2239 688 2308 ll'um
716 2238 796 2319 quid
823 2255 1005 2300 memorare
1030 2219 1161 2297 neeesse

960 2349 1027 2412 cst,

484 2453 529 2512 Vt
553 2450 704 2510 domurn
724 2443 818 2524 culpo
845 2459 961 2502 nomen
978 2439 1162 2521 Calpurnia

607 2541 612 2554 ’
962 2539 1084 2602 ducat?

420 2753 512 2824 lilem
533 2751 657 2810 Numae
683 2756 780 2827 eaput
805 2753 910 2805 exstat
934 2738 1030 2804 etiam
1053 2739 1087 2804 in
1111 2759 1164 2814 ae·

422 2875 487 2920 neu
508 2853 567 2917 Cn.
585 2843 713 2912 Pisonis
733 2846 858 2920 ltlviri,
888 2843 921 2904 iu
940 2841 1030 2923 eujus
1050 2862 1163 2904 aversa

423 2971 473 3024 est
500 2967 596 3038 euput
624 2953 772 3032 Augusti.
822 2945 908 3015 Vide
938 2943 1080 3006 tabulam
1108 2946 1162 3004 lll.

422 3058 533 3131 Vrsini
558 3071 591 3120 et
617 3052 774 3117 Morellii.
818 3053 855 3112 lu
877 3047 998 3112 Murcia
1032 3066 1163 3132 quoque

425 3177 523 3250 geute
546 3162 671 3223 Numae
698 3167 794 3239 eaput
819 3151 976 3227 habetur,
1006 3162 1038 3214 et
1066 3170 1166 3233 augu-

424 3267 470 3329 ris
496 3261 606 3325 habitu
623 3258 816 3342 proponitur
833 3255 867 3316 in
882 3253 1072 3338 Pomponia.
1100 3255 1165 3317 Hie

425 3368 486 3430 Cn,
494 3364 573 3424 Piso
588 3372 857 3444 proquaestorem
875 3373 948 3418 sese
967 3356 1077 3439 Magni
1090 3376 1165 3439 pro·

425 3463 584 3540 eonsulis,
619 3479 739 3544 nempe
774 3457 941 3548 Pompeji,
979 3455 1164 3540 profitetur.

425 3569 597 3634 Existimat
625 3563 779 3637 Vrsinus,
808 3557 962 3626 Pisonem
984 3559 1070 3620 hunc
1092 3577 1165 3622 esse

400 3685 404 3696 '
426 3695 500 3740 enm
522 3669 645 3755 ipsum,
676 3663 768 3746 eujus
793 3679 894 3743 opera
916 3659 1110 3743 Pompejum
1132 3659 1165 3720 in

427 3779 517 3844 ltello
549 3766 749 3856 praedonum
787 3783 879 3826 usum
916 3759 1022 3825 refert
1049 3761 1168 3846 Appia-

428 3901 489 3942 nua
513 3880 563 3952 ⁰),
594 3885 627 3936 et
647 3869 705 3932 hac
729 3867 771 3930 de
793 3886 889 3930 eausa
914 3863 1004 3928 naria
1024 3877 1167 3928 rostrum

429 3983 461 4044 in
488 3997 588 4041 numo
624 3973 795 4056 signatum.
850 3965 1026 4030 Probabile
1061 3965 1168 4044 istud,

428 4101 543 4147 rerum
562 4075 678 4152 video,
700 4093 774 4136 eum
795 4069 951 4134 Pisonem
966 4068 1007 4133 ab
1019 4069 1167 4154 Appiano

429 4185 494 4249 diei
514 4159 686 4253 Publium,
722 4193 787 4238 nou
812 4173 952 4248 Coeum,
986 4171 1049 4234 nisi
1081 4171 1167 4234 sorte

430 4289 463 4349 in
477 4285 549 4368 hoe,
560 4293 713 4346 erratum.

790 4377 809 4415 ὑ

686 4427 705 4464 st
893 4423 913 4462 1

552 4482 692 4566 Signum
711 4481 873 4557 Termini,
896 4479 977 4541 ltine
992 4499 1114 4542 corona
1131 4479 1172 4542 il·

550 4585 620 4645 line
637 4581 872 4664 capedunculn.
897 4583 933 4642 ln
950 4581 1038 4644 aliis:
1064 4581 1172 4666 Caput

1216 2235 1373 2300 sacellum
1390 2237 1498 2300 erexit
1510 2234 1647 2299 testibus
1661 2235 1860 2318 auctoribus,
1878 2257 1964 2326 quos

1218 2339 1306 2404 citat.

1280 2441 1352 2502 Hos
1375 2437 1528 2502 denarios
1550 2439 1745 2505 Vaillantina
1773 2439 1968 2524 ingentem

1217 2541 1354 2626 Pupiam
1374 2540 1503 2624 trajecit
1527 2561 1622 2604 eausa
1641 2541 1767 2604 denarii
1786 2541 1967 2620 Goltaiani,

1218 2643 1252 2706 in
1273 2643 1365 2726 eujus
1394 2663 1457 2704 una
1482 2642 1565 2704 faeie
1595 2641 1708 2705 Plso.
1738 2644 1896 2722 FRVGl,
1932 2647 1969 2708 in

1220 2746 1339 2810 altera:
1362 2747 1408 2810 M.
1422 2745 1591 2812 PVP1VS.
1610 2747 1655 2808 M.
1675 2745 1736 2822 F„
1760 2759 1793 2806 et
1814 2743 1892 2829 quia
1917 2767 1973 2810 re·

1220 2868 1299 2914 vera
1324 2859 1472 2918 oonstat,
1507 2847 1664 2909 Pisonum
1691 2846 1833 2930 aliquem
1861 2871 1880 2911 a
1906 2849 1972 2910 Pn-

1220 2949 1276 3034 pio
1304 2947 1404 3012 fuisse
1439 2947 1637 3031 adoptatum.
1683 2950 1811 3016 Verum
1842 2951 1972 3014 etiamsi

1222 3050 1381 3136 genuinus
1400 3065 1487 3114 esset
1503 3051 1557 3115 hio
1574 3049 1700 3113 Goltaii
1717 3071 1845 3128 numus,
1869 3074 1969 3138 quem

1220 3173 1318 3216 nemu
1337 3153 1418 3216 alios
1439 3153 1539 3228 vidit,
1578 3153 1656 3215 inte
1681 3173 1887 3238 nequaqnam
1919 3177 1972 3220 se·

1222 3255 1349 3340 quitur,
1378 3271 1492 3318 omnes
1516 3275 1574 3317 eoa
1598 3253 1770 3332 denarios,
1801 3257 1858 3341 qui
1879 3261 1973 3322 Piso-

1222 3377 1294 3418 nem
1322 3356 1427 3437 Frugi
1461 3355 1654 3439 inscriptum
1693 3355 1860 3438 offerunt,
1895 3379 1971 3426 ease

1211 3455 1292 3538 ,ejus
1317 3455 1465 3536 Pisonis,
1505 3479 1604 3544 quem
1632 3457 1799 3542 adoptarit
1827 3461 1972 3546 Pupius,
2077 3445 2078 3456 ἵ

1221 3556 1360 3642 perinde
1383 3559 1474 3642 quasi
1493 3574 1626 3642 praeter
1647 3561 1733 3624 laune
1757 3581 1857 3626 nemo
1883 3563 1973 3628 alter

1222 3660 1300 3722 Piso
1310 3659 1414 3742 Frugi
1427 3661 1615 3728 exstitisset.
1633 3663 1747 3747 vAtque
1763 3663 1825 3726 etsi
1841 3663 1972 3744 alemus,

1225 3761 1434 3826 denariorum
1444 3775 1631 3826 nostrorum
1642 3765 1796 3828 Pisonem
1808 3787 1882 3831 ease
1894 3789 1971 3832 eum

1224 3863 1348 3948 ipsum,
1377 3885 1515 3948 quemn
1540 3865 1645 3949 Pupio
1669 3861 1855 3950 adoptatum
1881 3869 1976 3934 nusi·

1225 3987 1318 4044 mus,
1350 3977 1460 4028 tamen
1479 3965 1532 4031 vel
1553 3983 1749 4052 propterea,
1777 3971 1853 4056 quia
1874 3973 1976 4058 Pupii
2077 3969 2078 3988 ¹

1225 4088 1346 4131 numen
1364 4066 1474 4144 abest,
1502 4071 1586 4132 certi
1604 4091 1767 4149 essemus,
1789 4073 1861 4136 hos
1874 4071 1975 4138 deua-
2077 4109 2078 4128 κ

1226 4170 1295 4233 rios
1319 4182 1394 4233 ante
1417 4169 1625 4254 adoptionem
1652 4193 1765 4250 enses,
1792 4187 1898 4262 ⁸atque
1921 4175 1976 4240 ad·

1227 4293 1268 4336 eo
1284 4292 1327 4337 ex
1342 4273 1448 4336 numia
1476 4275 1584 4356 gentis
1600 4275 1796 4359 Calpurniae
1821 4297 1888 4340 nou
1907 4279 1976 4342 exi·

1177 4421 1179 4428 >
1226 4373 1376 4440 mentius.
1419 4373 1504 4438 Sane
1534 4377 1689 4456 Vrsinus,
1719 4392 1754 4443 et
1779 4380 1975 4456 Morellius,

1199 4553 1208 4576 Ι
1228 4475 1343 4562 quibua
1359 4474 1439 4538 haee
1460 4475 1593 4560 adoptio
1610 4479 1721 4564 ignota
1737 4501 1803 4542 non
1821 4481 1906 4562 suit,
1929 4483 1977 4546 ui·

1226 4578 1274 4639 hil
1291 4575 1478 4642 mutandum
1497 4580 1622 4644 rectius
1642 4603 1814 4647 censuere.

468 4794 501 4866 a)
519 4787 661 4854 lulium
672 4810 704 4872 p.
719 4801 811 4858 maa.
885 4791 922 4866 b)
941 4789 1148 4868 iuCalpuruii.
1222 4789 1253 4861 e)
1272 4785 1488 4848 Bellllitluid.
