4254 5494
767 547 1056 658 secutura.
1254 650 1257 671 ,
1316 679 1326 698 ⁸
1617 607 1692 692 ³09

142 749 245 834 possit
259 751 525 832 Harercampus,
544 747 627 810 illud
645 767 742 814 etune
758 769 799 814 ee
816 771 888 815 cor·
944 753 1071 816 Locum
1092 749 1191 812 Plinii
1216 771 1301 816 anno
1325 745 1366 821 V.
1386 755 1422 819 C.
1445 748 1507 820 inb
1534 755 1687 826 Floralei

141 852 225 928 ruit,
262 849 349 936 quod
373 849 411 911 in
441 849 548 910 munais
581 849 631 912 bis
661 871 728 914 non
758 852 897 938 legatur.
943 851 1107 914 institutos
1125 853 1297 917 scribentis
1321 851 1352 936 d)
1376 857 1544 923 inmundo
1565 863 1685 930 cubare

140 951 310 1030 Fcons,
334 949 391 1014 sed
413 949 612 1027 scottum,
636 949 744 1016 literis
760 953 790 1016 A
807 967 841 1017 et
856 955 885 1015 L
940 953 1007 1036 jam
1023 953 1175 1036 suspicati
1191 969 1266 1017 sunt
1282 955 1418 1042 Pighius
1433 963 1478 1040 e)‚
1497 975 1531 1024 et
1545 963 1685 1027 Hardui·

142 1053 314 1118 manifeste
331 1051 513 1136 colligatis,
544 1065 580 1114 ut
595 1052 681 1116 istud
697 1051 823 1118 denarii
838 1055 887 1116 in·
942 1075 1016 1116 nus.
1056 1055 1150 1138 Lege
1174 1053 1216 1118 de
1239 1055 1302 1120 boc
1330 1076 1523 1142 argumento
1550 1065 1684 1148 copiose

138 1155 313 1242 tegerrimi
336 1152 442 1218 musei
460 1152 610 1216 Caesarei
622 1168 735 1238 aperte
751 1155 884 1222 docent.
943 1153 1159 1218 disserentem
1178 1157 1411 1240 spanhemium
1429 1158 1468 1243 ¹).

202 1255 388 1320 Retinenda
401 1255 502 1338 igitur
518 1268 609 1320 vetus
624 1258 801 1335 sententia,
817 1279 884 1344 qua
1005 1255 1042 1318 Si
1055 1257 1257 1320 Luctantium
1278 1259 1424 1325 sedimus
1445 1267 1497 1344 s),
1530 1262 1592 1326 fuit
1606 1264 1683 1329 Flo·

137 1359 316 1432 docemur,
343 1357 567 1421 C.Serrilium
580 1355 724 1422 Floralia
742 1361 883 1442 primum
940 1376 977 1420 ra
993 1357 1105 1421 nobile
1127 1361 1251 1422 Romae
1272 1376 1436 1438 scortum,
1468 1383 1549 1448 quae
1569 1365 1683 1448 ingen·

135 1460 272 1524 secisse,
306 1455 385 1552 Quo
400 1479 485 1522 anno
503 1477 542 1522 ea
559 1461 700 1544 primum
718 1460 793 1524 fieri
808 1482 883 1526 coe·
939 1467 992 1519 tes
1023 1477 1104 1542 opes
1132 1462 1329 1541 meretriciis
1354 1463 1477 1526 artibus
1502 1479 1609 1548 parles
1631 1489 1682 1530 stt·

134 1563 266 1647 periet,
282 1560 409 1626 variare
418 1559 579 1647 'videntur
592 1575 754 1628 auctores.
775 1563 827 1624 De
841 1563 883 1626 iis
936 1561 1064 1642 ¹{trectis
1086 1560 1203 1625 tabulis
1226 1565 1349 1654 populo
1370 1565 1553 1651 reliquerat
1576 1589 1618 1630 eu
1635 1568 1682 1630 le·
1812 1565 1818 1576 '

136 1665 188 1730 sic
203 1661 352 1732 Velleius
367 1665 415 1744 ·).·
440 1667 660 1744 proximoque
678 1683 781 1740 anno,
809 1663 885 1727 Ten
942 1680 1003 1742 ge,
1037 1675 1073 1724 ut
1098 1666 1269 1746 quotannis
1292 1667 1362 1749 ejas
1384 1667 1455 1730 dies
1476 1669 1590 1732 natalis
1615 1669 1683 1732 edi·

136 1776 258 1847 quoto,
283 1763 537 1844 Sempronicque
553 1783 637 1842 con,
654 1765 883 1844 Brundisium,
939 1762 1031 1824 tione
1058 1763 1212 1826 ludorum
1239 1767 1483 1844 celebraretur,
1516 1791 1597 1850 quos
1627 1793 1681 1855 sp·

138 1878 269 1948 etpost
287 1867 468 1928 triennium
488 1863 691 1947 Spoletium,
715 1885 882 1946 quounne
937 1863 1107 1948 pellatam
1140 1865 1292 1932 Floralia.
1352 1867 1528 1932 Pudendae
1563 1871 1614 1931 rei
1644 1885 1681 1936 at

137 1968 325 2030 Floralium
346 1965 501 2028 ludorum
513 1965 649 2048 sumum
670 1971 884 2032 estinitium.
938 1966 1082 2048 dignitus
1124 1965 1320 2045 adderetur,
1369 1969 1502 2032 Floram
1542 1971 1682 2034 Romuul

139 2067 315 2154 Torquati,
337 2079 371 2128 et
387 2065 575 2149 Sempronii
597 2067 782 2131 consulatus
806 2069 885 2132 inci·
938 2066 1037 2130 deum
1059 2067 1231 2146 dixerunt,
1261 2067 1463 2154 floribusque
1488 2073 1680 2154 praesidere

137 2169 188 2230 dit
217 2172 251 2231 in
281 2189 401 2232 anuum
430 2169 472 2234 V·
495 2168 532 2232 C.
554 2170 635 2246 510,
665 2189 749 2253 ergo
770 2169 885 2234 Flora·
937 2170 1115 2253 jusserunt.
1153 2173 1196 2232 Δι
1225 2191 1303 2235 cero
1329 2171 1392 2234 boc
1416 2173 1573 2236 Luctantii
1591 2175 1681 2238 testi·

134 2271 219 2332 lium
232 2271 360 2332 initium
379 2269 413 2329 in
431 2289 549 2331 annum
566 2271 609 2337 V.
627 2271 662 2332 G.
679 2273 754 2347 bal.
783 2269 884 2334 tunt
940 2271 1103 2349 monium,
1126 2278 1182 2356 qui
1197 2271 1311 2336 vadem
1328 2273 1492 2336 neminem
1513 2273 1606 2354 citat,
1629 2297 1681 2342 su·

133 2371 269 2438 ¹ridetur
287 2373 409 2435 docere
427 2369 566 2438 Ovidius
581 2367 630 2454 t),-
937 2387 1089 2456 spectum
1103 2375 1209 2439 videri
1224 2387 1348 2458 potest,
1370 2395 1443 2440 eum
1459 2377 1567 2444 Varro
1583 2391 1681 2440 teste·

935 2472 1067 2558 turb),
1100 2477 1164 2559 jam
1179 2475 1313 2538 Romuli
1335 2489 1440 2540 aetate
1467 2501 1485 2540 u
1511 2497 1593 2562 rege
1618 2481 1680 2542 Ta·

206 2575 391 2639 Convenere
405 2584 539 2659 putres,
559 2585 610 2652 et,
632 2573 755 2638 sibene
754 2575 883 2662 floreat
940 2577 986 2640 tio
1023 2575 1144 2640 Sabine
1179 2577 1300 2642 Florae
1338 2579 1461 2640 cultum
1500 2579 1678 2644 inductum.
1791 2653 1794 2659 ¹

581 2695 705 2752 uenus,
939 2675 1061 2741 Ouidio
1071 2653 1178 2741 ⁸Flora
1197 2677 1336 2760 nympha
1363 2677 1464 2742 luisse
1487 2677 1605 2742 dicitur
1621 2701 1680 2742 nu·

248 2775 449 2842 Numinibus
460 2778 587 2839 nostris
598 2776 752 2859 (Florae)
767 2797 880 2842 annuc
937 2792 991 2864 pta
1019 2779 1193 2863 Zephyre,
1228 2779 1411 2862 florumque
1438 2801 1476 2843 ac
1505 2781 1679 2846 hortorum

569 2880 807 2959 festuoocent«
936 2900 1080 2962 praeses.
1132 2880 1224 2962 Lege
1256 2899 1331 2941 eum
1362 2879 1485 2956 omnia,
1525 2904 1606 2964 quac
1636 2883 1679 2946 ad

205 2979 398 3044 Adnuimus
412 2989 498 3038 coto.
526 2977 736 3041 Consulatum
748 2980 883 3041 consule
939 2979 1021 3043 banc
1040 2981 1134 3042 deam
1154 2977 1337 3060 pertinent,
1360 2975 1437 3041 isse'
1448 2999 1487 3058 ac
1507 2980 1678 3064 eleganter

583 3078 680 3138 ludos
938 3093 1193 3166 persequentem
1212 3076 1249 3160 ί).
1294 3078 1416 3141 Habuit
1440 3079 1557 3142 aedem
1587 3083 1676 3163 juxta

245 3181 417 3244 Postumio
431 3178 565 3242 Laenas
577 3179 767 3264 persoluere
786 3181 880 3247 milli.
939 3181 1068 3244 Circum
1098 3183 1271 3243 maximum
1298 3201 1317 3242 a
1342 3181 1381 3248 L,
1406 3194 1438 3241 et
1459 3183 1504 3246 Μ.
1521 3181 1676 3246 Publiciis

937 3283 1098 3347 sedilibus
1131 3283 1354 3358 constitutam,
1387 3293 1423 3343 ut
1453 3297 1562 3346 narrat
1583 3287 1678 3350 Taci-

124 3387 178 3450 L.
195 3379 370 3458 Postumii,
403 3393 438 3444 et
457 3379 577 3463 Popilii
593 3381 744 3445 Laenatis
766 3403 881 3447 censu·
936 3384 1037 3467 tnsk)
1062 3384 1231 3469 innuitque
1260 3381 1398 3446 Ovidius
1419 3378 1454 3464 Ι).
1497 3385 1577 3468 Ejus
1606 3387 1677 3450 ludi

137 3487 221 3550 latus
249 3483 364 3548 incidit
386 3483 419 3544 in
442 3505 560 3546 anuum
579 3483 618 3548 V.
643 3481 679 3546 C.
701 3485 774 3555 581,
817 3487 880 3548 Pu·
935 3485 1080 3551 Floralia
1123 3487 1173 3549 bis
1215 3483 1481 3560 celebrabantur,
1530 3503 1673 3553 exeunte

137 3599 274 3672 guastus
290 3584 479 3667 inspeciem
496 3585 676 3648 sententiae
693 3583 788 3647 facile
803 3607 879 3649 con·
935 3589 1060 3672 Aprili,
1097 3601 1131 3652 et
1161 3587 1294 3651 ineunte
1324 3586 1429 3668 Majo,
1467 3597 1505 3648 ut
1537 3600 1675 3652 testatur

137 3689 299 3752 cilistttur.
337 3687 427 3750 ldem
445 3685 583 3750 Ovidius
603 3686 712 3768 paullo
735 3691 877 3770 supra0)
935 3687 1072 3757 Ouidius
1086 3691 1143 3772 ιιι)ι

133 3805 260 3865 narrat,
290 3787 435 3852 Floralia
454 3785 613 3850 aedilibus
630 3785 787 3850 Publiciis
803 3785 876 3850 lieri
995 3825 1122 3890 Ina-is
1144 3827 1261 3890 Arm
1314 3827 1439 3890 mm
1465 3828 1502 3888 pn
1523 3837 1672 3910 tempora

133 3905 249 3976 coeptu
273 3911 403 3952 rursum
426 3889 610 3952 intermissa
641 3909 725 3952 esse.
777 3887 876 3982 Quod
1066 3847 1091 3909 p
1178 3847 1202 3910 Ρ
1266 3869 1277 3902 ’
1490 3925 1588 4005 Mal-i·

95 4015 106 4036 ι
134 4013 233 4079 aegre
267 3991 379 4054 ferens
403 3991 502 4053 Flora
530 4003 661 4073 segetes
690 3990 874 4075 herbasque

132 4117 225 4180 passa
247 4107 297 4156 est
311 4092 398 4156 aeris
414 4091 539 4174 injuriis
559 4093 735 4175 corrumpi.
762 4091 873 4187 Quare
931 4087 1176 4167 etllalendsria,
1193 4091 1255 4155 etsi
1269 4091 1304 4153 iu
1321 4091 1384 4170 bis,
1399 4092 1427 4154 si
1443 4090 1513 4154 dies
1529 4095 1668 4174 spectes,

132 4199 264 4262 demum
282 4215 367 4260 anne
387 4193 427 4261 V·
455 4195 491 4260 C.
509 4195 569 4260 581
592 4209 716 4279 petrum
738 4193 874 4258 decreto
929 4193 1105 4258 nonnullus
1122 4195 1163 4255 sit
1182 4193 1360 4271 dissensus,
1382 4193 1424 4256 de
1441 4215 1505 4278 quo
1520 4193 1594 4277 tide
1607 4193 1670 4255 dii·

131 4321 256 4376 annua,
293 4311 328 4361 et
355 4299 532 4361 constantis
567 4298 649 4361 fests
685 4307 758 4360 vota
788 4309 871 4359 suut.
929 4308 1096 4361 serentem
1126 4293 1322 4380 Foggiuium
1347 4297 1389 4378 ιι).
1431 4293 1586 4359 Liberam
1606 4317 1669 4380 per

166 4643 379 4714 albicet.
456 4643 492 4718 b)
511 4641 713 4709 rastvetr.
800 4645 832 4715 c)
851 4643 950 4706 r.287.
1042 4641 1335 4725 e)c.xv11t§.69.
1414 4643 1446 4714 e)
1466 4641 1586 4704 adeun.
1605 4635 1667 4711 513.

128 4735 154 4800 l>
172 4733 421 4808 Tcm.11.p.til5.
541 4731 885 4809 g)delals.telig.b.1.
1009 4731 1046 4804 h)
1067 4731 1189 4790 deluis.
1304 4728 1331 4802 l)
1351 4731 1667 4812 Fust.L.V.1a3.scq.

127 4825 160 4894 li)
179 4821 386 4898 Annalllmq.
458 4821 484 4894 l)
504 4821 678 4887 leuitt·
752 4827 795 4897 m)
813 4819 1070 4898 Fast.L.1V.94?.
1145 4824 1179 4896 u)
1201 4821 1278 4880 cast.
1292 4817 1391 4884 Verrii
1405 4825 1489 4902 pot.
