4180 5484
791 523 1033 599 MEMMIAE
1617 549 1688 615 251

142 693 196 782 qui
213 691 302 757 idem
323 689 357 754 in
372 689 424 754 itis
438 690 636 776 Angustum,
658 703 693 756 et
706 691 885 777 Agrippam
949 691 1142 778 Quadrigae
1160 694 1267 770 citae,
1294 694 1330 756 in
1346 695 1465 774 ouibus
1482 697 1615 778 palmae
1636 721 1694 761 ra-

141 795 300 881 sgnoscit,
326 805 359 856 et
382 793 598 878 posteriorem
622 792 754 878 quidem
775 813 816 858 ex
834 814 889 859 co-
946 813 1029 856 mus.
1045 827 1090 841 —
1106 792 1215 874 Caput
1231 795 1374 859 Dianae.
1396 792 1420 856 1
1442 795 1604 862 Sacerdos
1618 820 1695 862 ara·

142 915 224 960 rona
241 893 587 960 turrita—Sacerdos
602 896 732 960 celatus
746 907 841 960 stans
854 897 888 961 d.
948 905 1035 957 tram
1046 893 1172 970 junctis
1185 893 1289 956 babos
1302 913 1414 978 agenr.
1443 897 1505 964 Est
1519 901 1590 969 AV.
1617 899 1692 983 (Ca.

142 999 351 1080 simpuvium.
372 993 475 1058 Forte
494 993 523 1058 is
538 997 704 1080 Angustos
723 1007 774 1058 est
791 995 834 1064 V·
849 995 888 1064 C.
946 994 1002 1062 tal.
1022 992 1191 1077 d’Ennery
1205 1013 1240 1079 ρ.
1255 1003 1343 1080 top.)

142 1104 201 1178 741
234 1092 277 1162 sd
305 1093 532 1180 pontificatum
566 1117 651 1164 max.
676 1109 893 1166 erectas..-

752 1394 1097 1462 MEMMIA..

203 1593 300 1658 Gens
315 1593 455 1679 plebeis.
494 1595 696 1682 Cognomina
717 1593 884 1681 ambigue,
942 1591 1012 1670 sit„
1023 1591 1086 1656 nisi
1101 1589 1189 1678 quod
1204 1589 1275 1652 EX.
1293 1589 1326 1654 S.
1341 1589 1377 1654 C.
1394 1589 1588 1675 impraesum
1605 1593 1700 1657 oii'e.¹

142 1693 335 1762 utdicetur.
944 1706 1013 1769 rat,
1043 1705 1077 1754 et
1099 1703 1243 1755 serratus
1262 1709 1328 1754 non
1350 1691 1411 1767 sit,
1439 1706 1473 1756 et
1495 1693 1591 1758 aliter
1615 1717 1692 1759 exa»

401 1826 420 1863 a
504 1778 524 1818 “
607 1825 627 1864 ι
945 1791 1164 1874 retnrgentir
1184 1809 1320 1864 nomen,
1342 1805 1543 1856 tamencum
1563 1797 1691 1882 reliqua

147 1895 363 1974 Gallus..vat
383 1897 536 1962 Galbina.
783 1915 786 1922 ’
948 1894 1054 1958 omnia
1082 1906 1146 1954 tarn
1175 1903 1326 1956 accurate
1356 1893 1563 1974 conspirent,
1593 1913 1690 1982 atque

264 1981 372 2082 Caput
390 2001 564 2062 barbatum
579 1999 788 2074 laureatum,
802 2016 889 2080 pane
947 1995 1044 2059 ctiam
1083 1993 1152 2077 ipsa
1186 1993 1319 2055 nomina
1353 1993 1549 2060 MEMIES..
1571 1995 1691 2076 Gau„

262 2101 420 2178 quiddam
436 2099 890 2182 instarsaleisserratae‚.irs
946 2094 1025 2158 licet
1046 2093 1184 2156 distorto
1212 2092 1323 2177 priore
1347 2093 1524 2173 vocabulo,
1556 2096 1693 2164 dubium

265 2217 347 2259 area
367 2203 468 2263 litera
487 2201 657 2284 alphabeti
671 2212 704 2264 et
719 2197 859 2261 ROMA.
946 2209 1097 2270 nonest,
1119 2195 1206 2257 hunc
1221 2213 1352 2280 quoque
1366 2195 1506 2260 eundem
1523 2211 1692 2264 auctorem

141 2298 185 2360 h.
204 2297 368 2360 ttnttttt.
398 2298 499 2363 Gan.
547 2299 678 2362 Mulier
708 2299 811 2361 lentis
842 2299 892 2360 bi·
947 2297 1137 2360 Mammium
1176 2295 1312 2361 habere.
1365 2298 1595 2380 interpretatio
1626 2303 1692 2366 Hs·

139 2403 199 2482 gis
218 2409 313 2460 vecta
331 2421 357 2464 s.
377 2413 569 2481 sceptrum„
582 2401 639 2460 cur·
657 2397 816 2461 advolans
832 2399 900 2462 Vc·
947 2397 1130 2480 vercampi‚
1153 2395 1330 2481 legendum
1353 2397 1535 2462 censentiss
1564 2403 1692 2468 Lucius

142 2500 425 2562 acaria-coronam
441 2501 548 2586 ψη.
587 2499 803 2564 Suntserrati
823 2517 893 2562 ont·
948 2499 1052 2564 Gaius
1071 2498 1254 2564 tuentes.
1285 2497 1388 2561 Lucii
1414 2499 1500 2564 Filii
1536 2502 1691 2581 enubit,

144 2618 224 2674 nes,
247 2609 282 2660 et
298 2597 336 2663 Ο.
946 2601 1091 2664 nondum
1113 2599 1259 2662 emnium
1287 2595 1441 2683 suffragia
1463 2600 1604 2669 abstulit.
1647 2605 1691 2669 Et

266 2699 392 2762 Eadem
414 2703 581 2780 adversa‚.
599 2703 659 2767 seri
675 2723 740 2786 pra
759 2698 893 2766 ΗΘΜ
949 2703 1027 2788 quid
1055 2699 1227 2763 MEMIES
1264 2721 1327 2784 pro
1364 2701 1594 2781 MEMMWS,
1635 2707 1692 2769 vel

267 2801 407 2882 iegitur:
427 2801 499 2866 EX.
515 2801 549 2868 S.
569 2801 607 2868 (i.
946 2805 1133 2878 Msslfflll,
1155 2814 1191 2864 ut
1213 2799 1421 2865 scribendam
1448 2801 1578 2866 fueret?
1608 2805 1693 2868 Con·

144 2903 184 2964 In
203 2899 438 2968 CMEMIE&
462 2903 502 2968 1..
527 2903 566 2964 F.
584 2901 683 2964 Gan.
721 2905 815 2968 idem
839 2916 891 2988 ts.-
946 2901 1180 2980 tendiculam,
1209 2903 1331 2965 iactum
1360 2902 1446 2966 istud
1476 2903 1583 2967 videri
1613 2907 1693 2971 vitio

141 3027 216 3088 pus.
237 3003 282 3065 Hi
303 3001 612 3079 sarracinorum,
641 3016 676 3065 et
692 3003 729 3064 C.
947 3003 1122 3067 monetarii
1129 3045 1138 3078 ,
1161 3003 1249 3088 quod
1270 3002 1455 3066 concedere
1477 3025 1541 3066 non
1560 3025 1693 3088 possum

207 3105 355 3172 Verbum
381 3103 499 3180 GAL.‚
538 3124 604 3188 quo
627 3103 726 3168 modo
756 3103 891 3187 explen-
946 3117 1084 3190 propter
1100 3103 1228 3187 copiam
1244 3104 1362 3168 horam
1378 3103 1598 3170 denariorum.
1622 3109 1694 3169 Ma·

147 3207 223 3269 dum
254 3205 421 3283 videatur,
451 3203 624 3290 litigatum.
669 3205 812 3270 Priores.
835 3226 891 3270 sn·
947 3227 1039 3271 seam
1063 3205 1258 3270 Caesareum
1280 3205 1399 3268 horum
1427 3207 1590 3291 quinque,
1623 3211 1694 3270 Mo-

145 3307 275 3392 tiquarii
304 3307 474 3392 legerunt:
512 3305 674 3386 GALlue,
707 3307 769 3372 etsi
800 3307 890 3372 nulls
947 3307 1062 3372 rellius
1084 3320 1222 3394 quatuor
1252 3306 1454 3372 diversarum
1488 3329 1602 3374 omnes
1627 3331 1692 3374 me
1803 3385 1811 3400 ι

147 3409 232 3474 istud
250 3407 424 3472 auctoritas
443 3405 632 3475 iirmaterit.
661 3409 890 3494 Hirercempc
947 3409 1066 3474 tricem
1093 3410 1237 3474 exhibet.
1281 3409 1403 3476 Verius
1425 3411 1525 3495 igitur
1547 3411 1691 3490 credam,

146 3511 334 3596 praeplacet
361 3509 542 3588 (imina,
572 3509 647 3594 quis
671 3511 707 3572 in
725 3530 890 3575 marmore
947 3515 1150 3598 posteriores
1179 3511 1239 3575 hos
1272 3510 1423 3576 decuriae
1457 3515 1490 3574 in
1522 3515 1692 3596 provincia
1723 3501 1726 3508 ⁴

146 3613 282 3678 Gruteri
303 3617 333 3694 ·)
372 3623 573 3678 memoratur
603 3611 642 3672 Ia·
669 3613 888 3680 MEMMIVS.
947 3615 1095 3701 quapiam
1114 3613 1273 3696 signatus,
1296 3613 1384 3698 quod
1400 3613 1496 3678 facile
1515 3616 1691 3698 persuadet

145 3717 183 3782 1..
208 3717 249 3789 1²,
265 3715 424 3779 PALA'I'.
454 3711 663 3788 Gonnum,
691 3713 780 3798 quod
801 3715 891 3778 ride·
947 3717 1046 3782 etism
1087 3715 1209 3779 fabrica
1256 3735 1370 3797 parum
1408 3716 1497 3780 scita.
1559 3716 1691 3780 Etrurci

147 3831 200 3882 tur
218 3814 491 3902 praeferendum,
523 3833 598 3880 cum
627 3813 761 3880 socedat
781 3829 890 3880 aucto-
947 3817 1048 3883 rerba
1078 3817 1113 3879 in
1148 3819 1204 3883 VS
1241 3815 1421 3909 desinentia
1458 3813 1622 3882 flexerunt
1657 3817 1692 3878 in

148 3920 237 3984 ritas.
280 3919 332 3983 De
353 3918 460 4004 capite
481 3916 626 3996 antima,
649 3916 738 4002 qnod
759 3917 891 3980 Saturni
948 3921 1013 3988 Es,
1057 3919 1143 3988 Vide
1165 3899 1324 3982 Lanatum
1346 3917 1406 4000 b)..

147 4021 312 4098 creditur,
352 4019 416 4104 jam
446 4020 502 4104 egi
530 4019 565 4082 in
595 4031 695 4104 gente
717 4018 892 4102 Calpurnia
1211 4070 1229 4106 ,
1313 4021 1332 4060 ⁴³
1416 4068 1436 4104 a

148 4123 314 4188 Pisonum.
358 4123 504 4188 Acerrae
535 4133 641 4206 typus·
660 4121 806 4185 incertae
828 4119 892 4206 sig·
954 4123 1132 4208 Quirinus,
1156 4123 1334 4187 secundum
1352 4122 1478 4207 sliquos
1496 4141 1690 4206 cognomen.

149 4223 352 4288 uiiioationie.
1092 4227 1128 4290 (i.
1145 4227 1306 4290 tcum
1335 4225 1372 4290 C.
1407 4225 1444 4290 F.
1472 4223 1693 4316 Qvfflntvs.

208 4325 390 4404 Danaeius,
415 4345 516 4414 'quem
544 4326 648 4389 altero
670 4325 746 4390 laco
768 4324 889 4393 descri-
1094 4327 1201 4408 capnt
1215 4329 1389 4392 barbatum
1407 4329 1598 4390 laureatum
1615 4327 1698 4388 libe·

146 4427 212 4510 psi,
240 4425 385 4491 nondum
402 4426 521 4492 desinit
539 4447 672 4492 crucem
689 4427 793 4512 ligere
813 4429 893 4490 anti·
1091 4431 1211 4492 taliter
1226 4431 1435 4510 capillatam.

150 4527 280 4614 quariis.
318 4529 400 4594 Cum
422 4529 449 4592 is
471 4529 681 4614 praecedenti
708 4527 892 4593 simillimus
950 4529 1169 4598 unumve.
1196 4531 1298 4594 AED.
1331 4530 1549 4596 centtntt.
1577 4527 1694 4590 PREI·

186 4755 215 4826 a)
235 4753 304 4830 Peg.
316 4757 359 4819 co
377 4773 406 4814 a.
420 4767 463 4818 to.
536 4751 572 4828 b)
592 4753 698 4830 Sigeia
715 4753 750 4811 T·
761 4753 803 4818 11.
813 4765 932 4834 pose„
962 4786 972 4804 ·

1364 4846 1450 4908 i'ia
