<?xml version="1.0" encoding="UTF-8"?>
<!DOCTYPE html PUBLIC "-//W3C//DTD XHTML 1.0 Transitional//EN"
    "http://www.w3.org/TR/xhtml1/DTD/xhtml1-transitional.dtd">
<html xmlns="http://www.w3.org/1999/xhtml" xml:lang="en" lang="en">
 <head>
  <title>
</title>
<meta http-equiv="Content-Type" content="text/html;charset=utf-8" />
  <meta name='ocr-system' content='tesseract 3.04.00' />
  <meta name='ocr-capabilities' content='ocr_page ocr_carea ocr_par ocr_line ocrx_word'/>
</head>
<body>
  <div class='ocr_page' id='page_1' title='image "./doctrinanumorum01millgoog_0073.png"; bbox 0 0 4212 5516; ppageno 0'>
   <div class='ocr_carea' id='block_1_1' title="bbox 463 493 1463 634">
    <p class='ocr_par' dir='ltr' id='par_1_1' title="bbox 463 493 1463 634">
     <span class='ocr_line' id='line_1_1' title="bbox 463 493 1463 634; baseline 0.008 -37"><span class='ocrx_word' id='word_1_1' title='bbox 463 555 520 634; x_wconf 62' lang='lat'><strong>5,</strong></span> <span class='ocrx_word' id='word_1_2' title='bbox 797 539 801 546; x_wconf 69' lang='grc'><strong>’</strong></span> <span class='ocrx_word' id='word_1_3' title='bbox 1001 493 1463 625; x_wconf 76' lang='lat' dir='ltr'><strong>racanaonaas</strong></span> 
     </span>
    </p>
   </div>
   <div class='ocr_carea' id='block_1_2' title="bbox 461 674 2002 1500">
    <p class='ocr_par' dir='ltr' id='par_1_2' title="bbox 461 674 2002 1396">
     <span class='ocr_line' id='line_1_2' title="bbox 464 674 2002 789; baseline -0.009 -20"><span class='ocrx_word' id='word_1_4' title='bbox 464 703 797 789; x_wconf 75' lang='lat' dir='ltr'><strong>sesempcromisso</strong></span> <span class='ocrx_word' id='word_1_5' title='bbox 818 702 929 786; x_wconf 75' lang='lat' dir='ltr'><strong>gentis</strong></span> <span class='ocrx_word' id='word_1_6' title='bbox 955 701 1087 766; x_wconf 88' lang='lat' dir='ltr'><strong>nomine</strong></span> <span class='ocrx_word' id='word_1_7' title='bbox 1107 702 1209 784; x_wconf 84' lang='lat' dir='ltr'><strong>locuti</strong></span> <span class='ocrx_word' id='word_1_8' title='bbox 1265 698 1465 783; x_wconf 84' lang='lat' dir='ltr'><strong>putandum,</strong></span> <span class='ocrx_word' id='word_1_9' title='bbox 1498 711 1532 762; x_wconf 88' lang='lat' dir='ltr'><strong>et</strong></span> <span class='ocrx_word' id='word_1_10' title='bbox 1565 697 1628 760; x_wconf 89' lang='lat' dir='ltr'><strong>nisi</strong></span> <span class='ocrx_word' id='word_1_11' title='bbox 1660 674 1719 772; x_wconf 76' lang='lat' dir='ltr'><strong>sle¹</strong></span> <span class='ocrx_word' id='word_1_12' title='bbox 1744 695 1852 781; x_wconf 78' lang='lat' dir='ltr'><strong>gentis</strong></span> <span class='ocrx_word' id='word_1_13' title='bbox 1882 697 2002 762; x_wconf 84' lang='lat' dir='ltr'><strong>nomine</strong></span> 
     </span>
     <span class='ocr_line' id='line_1_3' title="bbox 463 803 2002 892; baseline -0.007 -22"><span class='ocrx_word' id='word_1_14' title='bbox 463 821 546 872; x_wconf 88' lang='lat' dir='ltr'><strong>suut.</strong></span> <span class='ocrx_word' id='word_1_15' title='bbox 585 809 754 892; x_wconf 80' lang='lat' dir='ltr'><strong>Nunquam</strong></span> <span class='ocrx_word' id='word_1_16' title='bbox 780 805 925 888; x_wconf 80' lang='lat' dir='ltr'><strong>Agrippa</strong></span> <span class='ocrx_word' id='word_1_17' title='bbox 947 825 983 868; x_wconf 88' lang='lat' dir='ltr'><strong>se</strong></span> <span class='ocrx_word' id='word_1_18' title='bbox 1003 803 1209 889; x_wconf 38' lang='lat' dir='ltr'><strong>diritpseri·</strong></span> <span class='ocrx_word' id='word_1_19' title='bbox 1265 803 1419 867; x_wconf 89' lang='lat' dir='ltr'><strong>aliorsum</strong></span> <span class='ocrx_word' id='word_1_20' title='bbox 1435 812 1574 876; x_wconf 79' lang='lat' dir='ltr'><strong>constet,</strong></span> <span class='ocrx_word' id='word_1_21' title='bbox 1591 805 1718 864; x_wconf 83' lang='lat' dir='ltr'><strong>sertum</strong></span> <span class='ocrx_word' id='word_1_22' title='bbox 1734 813 1922 876; x_wconf 86' lang='lat' dir='ltr'><strong>teneamus,</strong></span> <span class='ocrx_word' id='word_1_23' title='bbox 1937 819 2002 882; x_wconf 84' lang='lat' dir='ltr'><strong>gen·</strong></span> 
     </span>
     <span class='ocr_line' id='line_1_4' title="bbox 461 901 2002 998; baseline -0.006 -28"><span class='ocrx_word' id='word_1_24' title='bbox 461 909 568 991; x_wconf 84' lang='lat' dir='ltr'><strong>peitve</strong></span> <span class='ocrx_word' id='word_1_25' title='bbox 596 910 812 989; x_wconf 74' lang='lat' dir='ltr'><em>Vipsanium,</em></span> <span class='ocrx_word' id='word_1_26' title='bbox 845 907 903 970; x_wconf 86' lang='lat' dir='ltr'><strong>sed</strong></span> <span class='ocrx_word' id='word_1_27' title='bbox 929 909 981 971; x_wconf 88' lang='lat' dir='ltr'><strong>M.</strong></span> <span class='ocrx_word' id='word_1_28' title='bbox 1002 907 1208 986; x_wconf 82' lang='lat' dir='ltr'><strong>Agrippam,</strong></span> <span class='ocrx_word' id='word_1_29' title='bbox 1264 903 1401 998; x_wconf 78' lang='lat' dir='ltr'><strong>tilieiasp</strong></span> <span class='ocrx_word' id='word_1_30' title='bbox 1416 901 1517 965; x_wconf 86' lang='lat' dir='ltr'><strong>moris</strong></span> <span class='ocrx_word' id='word_1_31' title='bbox 1537 901 1625 970; x_wconf 85' lang='lat' dir='ltr'><strong>soliti</strong></span> <span class='ocrx_word' id='word_1_32' title='bbox 1640 922 1761 966; x_wconf 85' lang='lat' dir='ltr'><strong>nomen</strong></span> <span class='ocrx_word' id='word_1_33' title='bbox 1778 923 1846 966; x_wconf 89' lang='lat' dir='ltr'><strong>non</strong></span> <span class='ocrx_word' id='word_1_34' title='bbox 1870 901 2002 964; x_wconf 76' lang='lat' dir='ltr'>defuisse</span> 
     </span>
     <span class='ocr_line' id='line_1_5' title="bbox 463 1002 2002 1094; baseline -0.005 -22"><span class='ocrx_word' id='word_1_35' title='bbox 463 1023 560 1094; x_wconf 87' lang='lat' dir='ltr'><strong>atque</strong></span> <span class='ocrx_word' id='word_1_36' title='bbox 583 1007 659 1070; x_wconf 86' lang='lat' dir='ltr'><strong>hino</strong></span> <span class='ocrx_word' id='word_1_37' title='bbox 678 1007 842 1084; x_wconf 77' lang='lat' dir='ltr'><strong>historici,</strong></span> <span class='ocrx_word' id='word_1_38' title='bbox 866 1023 903 1070; x_wconf 90' lang='lat' dir='ltr'><strong>ut</strong></span> <span class='ocrx_word' id='word_1_39' title='bbox 924 1019 1078 1088; x_wconf 70' lang='lat' dir='ltr'><strong>receptas</strong></span> <span class='ocrx_word' id='word_1_40' title='bbox 1100 1004 1132 1066; x_wconf 90' lang='lat' dir='ltr'><strong>in</strong></span> <span class='ocrx_word' id='word_1_41' title='bbox 1157 1004 1214 1070; x_wconf 83' lang='lat' dir='ltr'><strong>his.</strong></span> <span class='ocrx_word' id='word_1_42' title='bbox 1266 1004 1417 1089; x_wconf 86' lang='lat' dir='ltr'><strong>qnidam,</strong></span> <span class='ocrx_word' id='word_1_43' title='bbox 1455 1004 1514 1068; x_wconf 87' lang='lat' dir='ltr'><strong>scd</strong></span> <span class='ocrx_word' id='word_1_44' title='bbox 1535 1005 1692 1088; x_wconf 77' lang='lat' dir='ltr'><strong>ignorari.</strong></span> <span class='ocrx_word' id='word_1_45' title='bbox 1741 1002 2002 1088; x_wconf 71' lang='lat' dir='ltr'><strong>sedunosque</strong></span> 
     </span>
     <span class='ocr_line' id='line_1_6' title="bbox 461 1105 2002 1191; baseline -0.006 -17"><span class='ocrx_word' id='word_1_46' title='bbox 461 1112 569 1174; x_wconf 85' lang='lat' dir='ltr'><strong>illisve</strong></span> <span class='ocrx_word' id='word_1_47' title='bbox 594 1108 723 1172; x_wconf 84' lang='lat' dir='ltr'><strong>ferebat</strong></span> <span class='ocrx_word' id='word_1_48' title='bbox 744 1129 835 1186; x_wconf 86' lang='lat' dir='ltr'><strong>mos,</strong></span> <span class='ocrx_word' id='word_1_49' title='bbox 867 1111 936 1172; x_wconf 87' lang='lat' dir='ltr'><strong>sola</strong></span> <span class='ocrx_word' id='word_1_50' title='bbox 963 1109 1058 1189; x_wconf 81' lang='lat' dir='ltr'><strong>otiam</strong></span> <span class='ocrx_word' id='word_1_51' title='bbox 1085 1118 1210 1189; x_wconf 84' lang='lat' dir='ltr'><strong>tanturn</strong></span> <span class='ocrx_word' id='word_1_52' title='bbox 1267 1127 1330 1191; x_wconf 91' lang='lat' dir='ltr'><strong>que</strong></span> <span class='ocrx_word' id='word_1_53' title='bbox 1352 1107 1408 1168; x_wconf 74' lang='lat' dir='ltr'><strong>lex&#39;</strong></span> <span class='ocrx_word' id='word_1_54' title='bbox 1429 1105 1470 1168; x_wconf 86' lang='lat' dir='ltr'><strong>ad</strong></span> <span class='ocrx_word' id='word_1_55' title='bbox 1491 1106 1641 1174; x_wconf 76' lang='lat' dir='ltr'><strong>florentis</strong></span> <span class='ocrx_word' id='word_1_56' title='bbox 1672 1119 1797 1170; x_wconf 79' lang='lat' dir='ltr'><strong>tantum</strong></span> <span class='ocrx_word' id='word_1_57' title='bbox 1825 1105 1912 1188; x_wconf 90' lang='lat' dir='ltr'><strong>reip.</strong></span> <span class='ocrx_word' id='word_1_58' title='bbox 1935 1119 2002 1170; x_wconf 88' lang='lat' dir='ltr'><strong>tem-</strong></span> 
     </span>
     <span class='ocr_line' id='line_1_7' title="bbox 465 1206 2002 1300; baseline -0.003 -25"><span class='ocrx_word' id='word_1_59' title='bbox 465 1211 660 1294; x_wconf 83' lang='lat' dir='ltr'><strong>cegnomina</strong></span> <span class='ocrx_word' id='word_1_60' title='bbox 686 1209 875 1292; x_wconf 81' lang='lat' dir='ltr'><strong>prodidere.</strong></span> <span class='ocrx_word' id='word_1_61' title='bbox 918 1206 1033 1300; x_wconf 77' lang='lat' dir='ltr'><strong>Quare</strong></span> <span class='ocrx_word' id='word_1_62' title='bbox 1061 1226 1135 1270; x_wconf 87' lang='lat' dir='ltr'><strong>eom</strong></span> <span class='ocrx_word' id='word_1_63' title='bbox 1164 1207 1211 1272; x_wconf 88' lang='lat' dir='ltr'><strong>le·</strong></span> <span class='ocrx_word' id='word_1_64' title='bbox 1267 1229 1348 1292; x_wconf 86' lang='lat' dir='ltr'><strong>pora</strong></span> <span class='ocrx_word' id='word_1_65' title='bbox 1378 1206 1481 1284; x_wconf 83' lang='lat' dir='ltr'><strong>valet,</strong></span> <span class='ocrx_word' id='word_1_66' title='bbox 1520 1230 1602 1295; x_wconf 86' lang='lat' dir='ltr'><strong>quae</strong></span> <span class='ocrx_word' id='word_1_67' title='bbox 1638 1208 1793 1296; x_wconf 81' lang='lat' dir='ltr'><strong>aequiore</strong></span> <span class='ocrx_word' id='word_1_68' title='bbox 1823 1221 1932 1273; x_wconf 86' lang='lat' dir='ltr'><strong>aetate</strong></span> <span class='ocrx_word' id='word_1_69' title='bbox 1962 1231 2002 1270; x_wconf 79' lang='lat' dir='ltr'><strong>ss·</strong></span> 
     </span>
     <span class='ocr_line' id='line_1_8' title="bbox 466 1308 1372 1396; baseline 0.001 -22"><span class='ocrx_word' id='word_1_70' title='bbox 466 1315 573 1396; x_wconf 80' lang='lat' dir='ltr'><strong>gimas</strong></span> <span class='ocrx_word' id='word_1_71' title='bbox 606 1329 727 1395; x_wconf 85' lang='lat' dir='ltr'><strong>namen</strong></span> <span class='ocrx_word' id='word_1_72' title='bbox 757 1309 898 1372; x_wconf 82' lang='lat' dir='ltr'><strong>hominis</strong></span> <span class='ocrx_word' id='word_1_73' title='bbox 927 1308 1067 1372; x_wconf 84' lang='lat' dir='ltr'><strong>Romani</strong></span> <span class='ocrx_word' id='word_1_74' title='bbox 1096 1308 1215 1390; x_wconf 81' lang='lat' dir='ltr'><strong>aliter„</strong></span> <span class='ocrx_word' id='word_1_75' title='bbox 1266 1309 1372 1376; x_wconf 81' lang='lat' dir='ltr'><strong>riavit.</strong></span> 
     </span>
    </p>

    <p class='ocr_par' dir='ltr' id='par_1_3' title="bbox 464 1395 1348 1500">
     <span class='ocr_line' id='line_1_9' title="bbox 464 1395 1348 1500; baseline 0 -26"><span class='ocrx_word' id='word_1_76' title='bbox 464 1433 558 1500; x_wconf 88' lang='lat' dir='ltr'><strong>quum</strong></span> <span class='ocrx_word' id='word_1_77' title='bbox 578 1412 610 1472; x_wconf 90' lang='lat' dir='ltr'><strong>in</strong></span> <span class='ocrx_word' id='word_1_78' title='bbox 637 1409 706 1478; x_wconf 83' lang='lat' dir='ltr'><strong>IVS</strong></span> <span class='ocrx_word' id='word_1_79' title='bbox 732 1408 903 1492; x_wconf 78' lang='lat' dir='ltr'><strong>desinens,</strong></span> <span class='ocrx_word' id='word_1_80' title='bbox 935 1429 1119 1493; x_wconf 76' lang='lat' dir='ltr'><strong>cognomen</strong></span> <span class='ocrx_word' id='word_1_81' title='bbox 1146 1411 1214 1486; x_wconf 68' lang='lat' dir='ltr'><strong>erit,</strong></span> <span class='ocrx_word' id='word_1_82' title='bbox 1276 1476 1284 1490; x_wconf 67' lang='grc'>,</span> <span class='ocrx_word' id='word_1_83' title='bbox 1344 1395 1348 1418; x_wconf 75' lang='grc'>’</span> 
     </span>
    </p>
   </div>
   <div class='ocr_carea' id='block_1_3' title="bbox 1046 1747 1287 1876">
    <p class='ocr_par' dir='ltr' id='par_1_4' title="bbox 1046 1747 1287 1876">
     <span class='ocr_line' id='line_1_10' title="bbox 1046 1747 1287 1876; baseline 0.025 -28"><span class='ocrx_word' id='word_1_84' title='bbox 1046 1747 1060 1778; x_wconf 77' lang='grc'><strong>“</strong></span> <span class='ocrx_word' id='word_1_85' title='bbox 1177 1784 1208 1876; x_wconf 70' lang='lat' dir='ltr'><strong>p.</strong></span> <span class='ocrx_word' id='word_1_86' title='bbox 1232 1789 1287 1854; x_wconf 76' lang='lat' dir='ltr'><strong>at</strong></span> 
     </span>
    </p>
   </div>
   <div class='ocr_carea' id='block_1_4' title="bbox 975 1940 1501 2027">
    <p class='ocr_par' dir='ltr' id='par_1_5' title="bbox 975 1940 1501 2027">
     <span class='ocr_line' id='line_1_11' title="bbox 975 1940 1501 2027; baseline 0.008 -25"><span class='ocrx_word' id='word_1_87' title='bbox 975 1940 1028 2002; x_wconf 75' lang='lat' dir='ltr'><strong>De</strong></span> <span class='ocrx_word' id='word_1_88' title='bbox 1046 1944 1260 2023; x_wconf 81' lang='lat' dir='ltr'><strong>cognosns&#39;ne,</strong></span> <span class='ocrx_word' id='word_1_89' title='bbox 1283 1955 1317 2004; x_wconf 79' lang='lat' dir='ltr'><strong>ot</strong></span> <span class='ocrx_word' id='word_1_90' title='bbox 1339 1946 1501 2027; x_wconf 64' lang='lat' dir='ltr'><strong>agendae·</strong></span> 
     </span>
    </p>
   </div>
   <div class='ocr_carea' id='block_1_5' title="bbox 435 2173 1998 3692">
    <p class='ocr_par' dir='ltr' id='par_1_6' title="bbox 435 2173 1998 3692">
     <span class='ocr_line' id='line_1_12' title="bbox 527 2173 1996 2253; baseline -0.004 -9"><span class='ocrx_word' id='word_1_91' title='bbox 527 2183 574 2248; x_wconf 70' lang='lat' dir='ltr'><strong>&#39;it</strong></span> <span class='ocrx_word' id='word_1_92' title='bbox 600 2177 738 2243; x_wconf 84' lang='lat' dir='ltr'><strong>familias</strong></span> <span class='ocrx_word' id='word_1_93' title='bbox 767 2175 947 2236; x_wconf 76' lang='lat' dir='ltr'><strong>distinxere</strong></span> <span class='ocrx_word' id='word_1_94' title='bbox 979 2173 1209 2253; x_wconf 85' lang='lat' dir='ltr'><strong>praenomina,</strong></span> <span class='ocrx_word' id='word_1_95' title='bbox 1267 2175 1340 2246; x_wconf 88' lang='lat' dir='ltr'><strong>bins</strong></span> <span class='ocrx_word' id='word_1_96' title='bbox 1376 2173 1498 2240; x_wconf 76' lang='lat' dir='ltr'><strong>Pistor.</strong></span> <span class='ocrx_word' id='word_1_97' title='bbox 1527 2177 1578 2236; x_wconf 84' lang='grc' dir='ltr'><strong>.Δ</strong></span> <span class='ocrx_word' id='word_1_98' title='bbox 1616 2174 1723 2238; x_wconf 89' lang='lat' dir='ltr'><strong>stadio</strong></span> <span class='ocrx_word' id='word_1_99' title='bbox 1750 2179 1811 2242; x_wconf 68' lang='lat' dir='ltr'><strong>,rei</strong></span> <span class='ocrx_word' id='word_1_100' title='bbox 1850 2179 1996 2244; x_wconf 79' lang='lat' dir='ltr'><strong>rusticor:</strong></span> 
     </span>
     <span class='ocr_line' id='line_1_13' title="bbox 461 2274 1997 2364; baseline -0.001 -23"><span class='ocrx_word' id='word_1_101' title='bbox 461 2283 509 2344; x_wconf 89' lang='lat' dir='ltr'><strong>sic</strong></span> <span class='ocrx_word' id='word_1_102' title='bbox 543 2294 657 2364; x_wconf 76' lang='lat' dir='ltr'><strong>gentes</strong></span> <span class='ocrx_word' id='word_1_103' title='bbox 688 2274 903 2359; x_wconf 58' lang='lat' dir='ltr'><strong>cognominus</strong></span> <span class='ocrx_word' id='word_1_104' title='bbox 944 2274 1089 2337; x_wconf 76' lang='lat' dir='ltr'><strong>Necesse</strong></span> <span class='ocrx_word' id='word_1_105' title='bbox 1128 2293 1209 2336; x_wconf 77' lang='lat' dir='ltr'><strong>vero</strong></span> <span class='ocrx_word' id='word_1_106' title='bbox 1268 2275 1442 2340; x_wconf 80' lang='lat' dir='ltr'><strong>Corneliae</strong></span> <span class='ocrx_word' id='word_1_107' title='bbox 1469 2277 1651 2355; x_wconf 80' lang='lat' dir='ltr'><strong>Lentulus,</strong></span> <span class='ocrx_word' id='word_1_108' title='bbox 1681 2277 1876 2362; x_wconf 74' lang='lat' dir='ltr'><strong>Calpurnius</strong></span> <span class='ocrx_word' id='word_1_109' title='bbox 1917 2286 1997 2350; x_wconf 83' lang='lat' dir='ltr'><strong>Piso,</strong></span> 
     </span>
     <span class='ocr_line' id='line_1_14' title="bbox 435 2375 1998 2459; baseline -0.001 -17"><span class='ocrx_word' id='word_1_110' title='bbox 435 2383 539 2453; x_wconf 67' lang='lat' dir='ltr'><strong>init,</strong></span> <span class='ocrx_word' id='word_1_111' title='bbox 577 2379 661 2442; x_wconf 90' lang='lat' dir='ltr'><strong>uatis</strong></span> <span class='ocrx_word' id='word_1_112' title='bbox 691 2377 793 2442; x_wconf 84' lang='lat' dir='ltr'><strong>cnivis</strong></span> <span class='ocrx_word' id='word_1_113' title='bbox 827 2375 929 2459; x_wconf 80' lang='lat' dir='ltr'><strong>genti·</strong></span> <span class='ocrx_word' id='word_1_114' title='bbox 951 2394 1013 2458; x_wconf 87' lang='lat' dir='ltr'><strong>per</strong></span> <span class='ocrx_word' id='word_1_115' title='bbox 1047 2375 1207 2439; x_wconf 87' lang='lat' dir='ltr'><strong>connubia</strong></span> <span class='ocrx_word' id='word_1_116' title='bbox 1267 2378 1396 2442; x_wconf 81' lang='lat' dir='ltr'><strong>Tullius</strong></span> <span class='ocrx_word' id='word_1_117' title='bbox 1420 2381 1553 2455; x_wconf 83' lang='lat' dir='ltr'><strong>Cicera,</strong></span> <span class='ocrx_word' id='word_1_118' title='bbox 1582 2379 1729 2444; x_wconf 85' lang='lat' dir='ltr'><strong>Licinias</strong></span> <span class='ocrx_word' id='word_1_119' title='bbox 1752 2381 1859 2446; x_wconf 81' lang='lat' dir='ltr'><strong>Stolo.</strong></span> <span class='ocrx_word' id='word_1_120' title='bbox 1906 2383 1998 2444; x_wconf 77' lang='lat' dir='ltr'><strong>Ace·</strong></span> 
     </span>
     <span class='ocr_line' id='line_1_15' title="bbox 459 2477 1997 2566; baseline 0.001 -24"><span class='ocrx_word' id='word_1_121' title='bbox 459 2479 609 2566; x_wconf 87' lang='lat' dir='ltr'><strong>prolibus</strong></span> <span class='ocrx_word' id='word_1_122' title='bbox 631 2479 771 2543; x_wconf 87' lang='lat' dir='ltr'><strong>totidem</strong></span> <span class='ocrx_word' id='word_1_123' title='bbox 797 2479 894 2542; x_wconf 86' lang='lat' dir='ltr'><strong>etium</strong></span> <span class='ocrx_word' id='word_1_124' title='bbox 919 2477 1037 2561; x_wconf 87' lang='lat' dir='ltr'><strong>stirpes</strong></span> <span class='ocrx_word' id='word_1_125' title='bbox 1072 2477 1206 2553; x_wconf 79' lang='lat' dir='ltr'><strong>enasci,</strong></span> <span class='ocrx_word' id='word_1_126' title='bbox 1265 2492 1319 2563; x_wconf 87' lang='lat' dir='ltr'><strong>pta</strong></span> <span class='ocrx_word' id='word_1_127' title='bbox 1340 2479 1496 2564; x_wconf 84' lang='lat' dir='ltr'><strong>regione,</strong></span> <span class='ocrx_word' id='word_1_128' title='bbox 1518 2479 1572 2544; x_wconf 79' lang='lat' dir='ltr'><strong>vel</strong></span> <span class='ocrx_word' id='word_1_129' title='bbox 1597 2481 1697 2545; x_wconf 85' lang='lat' dir='ltr'><strong>urbe:</strong></span> <span class='ocrx_word' id='word_1_130' title='bbox 1730 2481 1893 2547; x_wconf 82' lang='lat' dir='ltr'><strong>Serviliae</strong></span> <span class='ocrx_word' id='word_1_131' title='bbox 1920 2485 1997 2546; x_wconf 85' lang='lat' dir='ltr'><strong>Isaa-</strong></span> 
     </span>
     <span class='ocr_line' id='line_1_16' title="bbox 460 2577 1997 2666; baseline 0 -24"><span class='ocrx_word' id='word_1_132' title='bbox 460 2603 538 2666; x_wconf 84' lang='lat' dir='ltr'><strong>quas</strong></span> <span class='ocrx_word' id='word_1_133' title='bbox 569 2581 689 2642; x_wconf 87' lang='lat' dir='ltr'><strong>iterum</strong></span> <span class='ocrx_word' id='word_1_134' title='bbox 724 2581 835 2664; x_wconf 81' lang='lat' dir='ltr'><strong>aliquo</strong></span> <span class='ocrx_word' id='word_1_135' title='bbox 870 2578 1004 2644; x_wconf 89' lang='lat' dir='ltr'><strong>nomine</strong></span> <span class='ocrx_word' id='word_1_136' title='bbox 1033 2577 1207 2664; x_wconf 87' lang='lat' dir='ltr'><strong>oportebat</strong></span> <span class='ocrx_word' id='word_1_137' title='bbox 1265 2585 1372 2657; x_wconf 84' lang='lat' dir='ltr'><strong>rinus,</strong></span> <span class='ocrx_word' id='word_1_138' title='bbox 1396 2583 1538 2645; x_wconf 82' lang='lat' dir='ltr'><strong>Marcius</strong></span> <span class='ocrx_word' id='word_1_139' title='bbox 1560 2585 1767 2648; x_wconf 79' lang='lat' dir='ltr'><strong>Coriolanus.</strong></span> <span class='ocrx_word' id='word_1_140' title='bbox 1800 2583 1929 2648; x_wconf 88' lang='lat' dir='ltr'><strong>Omitto</strong></span> <span class='ocrx_word' id='word_1_141' title='bbox 1940 2602 1997 2647; x_wconf 85' lang='lat' dir='ltr'><strong>sse·</strong></span> 
     </span>
     <span class='ocr_line' id='line_1_17' title="bbox 458 2679 1997 2770; baseline 0 -24"><span class='ocrx_word' id='word_1_142' title='bbox 458 2683 499 2746; x_wconf 88' lang='lat' dir='ltr'><strong>ad</strong></span> <span class='ocrx_word' id='word_1_143' title='bbox 518 2681 678 2746; x_wconf 77' lang='lat' dir='ltr'><strong>sitandam</strong></span> <span class='ocrx_word' id='word_1_144' title='bbox 699 2681 925 2746; x_wconf 83' lang='lat' dir='ltr'><strong>confasionem</strong></span> <span class='ocrx_word' id='word_1_145' title='bbox 940 2679 1095 2745; x_wconf 74' lang='lat' dir='ltr'><strong>discerni.</strong></span> <span class='ocrx_word' id='word_1_146' title='bbox 1127 2681 1207 2742; x_wconf 80' lang='lat' dir='ltr'><strong>Nar·</strong></span> <span class='ocrx_word' id='word_1_147' title='bbox 1265 2703 1316 2745; x_wconf 84' lang='lat' dir='ltr'><strong>aas</strong></span> <span class='ocrx_word' id='word_1_148' title='bbox 1339 2681 1437 2758; x_wconf 86' lang='lat' dir='ltr'><strong>alias,</strong></span> <span class='ocrx_word' id='word_1_149' title='bbox 1475 2704 1555 2768; x_wconf 88' lang='lat' dir='ltr'><strong>qaas</strong></span> <span class='ocrx_word' id='word_1_150' title='bbox 1589 2683 1708 2750; x_wconf 84' lang='lat' dir='ltr'><strong>videsis</strong></span> <span class='ocrx_word' id='word_1_151' title='bbox 1736 2685 1769 2746; x_wconf 91' lang='lat' dir='ltr'><strong>in</strong></span> <span class='ocrx_word' id='word_1_152' title='bbox 1797 2686 1926 2770; x_wconf 77' lang='lat' dir='ltr'><strong>Sigonii</strong></span> <span class='ocrx_word' id='word_1_153' title='bbox 1949 2701 1997 2748; x_wconf 84' lang='lat' dir='ltr'><strong>tru-</strong></span> 
     </span>
     <span class='ocr_line' id='line_1_18' title="bbox 457 2771 1996 2872; baseline -0.001 -23"><span class='ocrx_word' id='word_1_154' title='bbox 457 2800 507 2849; x_wconf 87' lang='lat' dir='ltr'><strong>rat</strong></span> <span class='ocrx_word' id='word_1_155' title='bbox 527 2785 640 2847; x_wconf 79' lang='lat' dir='ltr'><strong>Livias</strong></span> <span class='ocrx_word' id='word_1_156' title='bbox 673 2771 719 2868; x_wconf 52' lang='grc' dir='ltr'><strong>ἦ),</strong></span> <span class='ocrx_word' id='word_1_157' title='bbox 756 2803 842 2848; x_wconf 89' lang='lat' dir='ltr'><strong>anno</strong></span> <span class='ocrx_word' id='word_1_158' title='bbox 867 2783 909 2848; x_wconf 85' lang='lat' dir='ltr'><strong>V.</strong></span> <span class='ocrx_word' id='word_1_159' title='bbox 932 2781 967 2844; x_wconf 88' lang='lat' dir='ltr'><strong>C.</strong></span> <span class='ocrx_word' id='word_1_160' title='bbox 996 2791 1058 2856; x_wconf 73' lang='lat' dir='ltr'><strong>lla</strong></span> <span class='ocrx_word' id='word_1_161' title='bbox 1081 2781 1114 2842; x_wconf 88' lang='lat' dir='ltr'><strong>in</strong></span> <span class='ocrx_word' id='word_1_162' title='bbox 1143 2803 1206 2844; x_wconf 88' lang='lat' dir='ltr'><strong>nna</strong></span> <span class='ocrx_word' id='word_1_163' title='bbox 1264 2797 1350 2846; x_wconf 83' lang='lat' dir='ltr'><strong>etsta</strong></span> <span class='ocrx_word' id='word_1_164' title='bbox 1377 2783 1579 2867; x_wconf 63' lang='lat' dir='ltr'><strong>capitem,</strong></span> <span class='ocrx_word' id='word_1_165' title='bbox 1625 2797 1694 2849; x_wconf 87' lang='lat' dir='ltr'><strong>tum</strong></span> <span class='ocrx_word' id='word_1_166' title='bbox 1722 2787 1902 2872; x_wconf 78' lang='lat' dir='ltr'><strong>praecipue</strong></span> <span class='ocrx_word' id='word_1_167' title='bbox 1926 2787 1996 2871; x_wconf 83' lang='lat' dir='ltr'><strong>apud</strong></span> 
     </span>
     <span class='ocr_line' id='line_1_19' title="bbox 458 2877 1560 2972; baseline 0 -21"><span class='ocrx_word' id='word_1_168' title='bbox 458 2901 557 2972; x_wconf 82' lang='lat' dir='ltr'><strong>gente</strong></span> <span class='ocrx_word' id='word_1_169' title='bbox 589 2877 708 2950; x_wconf 82' lang='lat' dir='ltr'><strong>Potitia</strong></span> <span class='ocrx_word' id='word_1_170' title='bbox 746 2887 847 2950; x_wconf 82' lang='lat' dir='ltr'><strong>faisse</strong></span> <span class='ocrx_word' id='word_1_171' title='bbox 877 2882 1015 2946; x_wconf 83' lang='lat' dir='ltr'><strong>familias</strong></span> <span class='ocrx_word' id='word_1_172' title='bbox 1039 2883 1131 2958; x_wconf 77' lang='lat' dir='ltr'><strong>xlt,</strong></span> <span class='ocrx_word' id='word_1_173' title='bbox 1171 2882 1206 2948; x_wconf 89' lang='lat' dir='ltr'><strong>in</strong></span> <span class='ocrx_word' id='word_1_174' title='bbox 1265 2883 1560 2969; x_wconf 73' lang='lat' dir='ltr'><strong>Sptanhemiumb).</strong></span> 
     </span>
     <span class='ocr_line' id='line_1_20' title="bbox 456 2983 1996 3076; baseline 0.001 -26"><span class='ocrx_word' id='word_1_175' title='bbox 456 2991 562 3076; x_wconf 87' lang='lat' dir='ltr'><strong>iisque</strong></span> <span class='ocrx_word' id='word_1_176' title='bbox 595 2988 739 3074; x_wconf 85' lang='lat' dir='ltr'><strong>puberes</strong></span> <span class='ocrx_word' id='word_1_177' title='bbox 770 2988 811 3053; x_wconf 86' lang='lat' dir='ltr'><strong>ad</strong></span> <span class='ocrx_word' id='word_1_178' title='bbox 838 2987 941 3047; x_wconf 63' lang='lat' dir='ltr'><strong>XXX.</strong></span> <span class='ocrx_word' id='word_1_179' title='bbox 992 2983 1205 3049; x_wconf 84' lang='lat' dir='ltr'><strong>Ducebantar</strong></span> <span class='ocrx_word' id='word_1_180' title='bbox 1326 2987 1510 3070; x_wconf 77' lang='lat' dir='ltr'><strong>Agnomiua</strong></span> <span class='ocrx_word' id='word_1_181' title='bbox 1537 3003 1670 3072; x_wconf 84' lang='lat' dir='ltr'><strong>reperta</strong></span> <span class='ocrx_word' id='word_1_182' title='bbox 1700 3009 1774 3056; x_wconf 88' lang='lat' dir='ltr'><strong>cam</strong></span> <span class='ocrx_word' id='word_1_183' title='bbox 1806 2991 1849 3054; x_wconf 90' lang='lat' dir='ltr'><strong>ob</strong></span> <span class='ocrx_word' id='word_1_184' title='bbox 1881 3011 1996 3056; x_wconf 82' lang='lat' dir='ltr'><strong>causan</strong></span> 
     </span>
     <span class='ocr_line' id='line_1_21' title="bbox 457 3085 1996 3175; baseline -0.002 -19"><span class='ocrx_word' id='word_1_185' title='bbox 457 3113 538 3156; x_wconf 80' lang='lat' dir='ltr'><strong>sero</strong></span> <span class='ocrx_word' id='word_1_186' title='bbox 568 3092 763 3175; x_wconf 79' lang='lat' dir='ltr'><strong>cognomina</strong></span> <span class='ocrx_word' id='word_1_187' title='bbox 794 3111 836 3153; x_wconf 83' lang='lat' dir='ltr'><strong>ex</strong></span> <span class='ocrx_word' id='word_1_188' title='bbox 868 3087 973 3152; x_wconf 85' lang='lat' dir='ltr'><strong>causis</strong></span> <span class='ocrx_word' id='word_1_189' title='bbox 1002 3085 1099 3149; x_wconf 77' lang='lat' dir='ltr'><strong>soriis</strong></span> <span class='ocrx_word' id='word_1_190' title='bbox 1129 3107 1204 3150; x_wconf 87' lang='lat' dir='ltr'><strong>cam</strong></span> <span class='ocrx_word' id='word_1_191' title='bbox 1263 3087 1422 3165; x_wconf 86' lang='lat' dir='ltr'><strong>similem,</strong></span> <span class='ocrx_word' id='word_1_192' title='bbox 1456 3104 1492 3152; x_wconf 87' lang='lat' dir='ltr'><strong>ut</strong></span> <span class='ocrx_word' id='word_1_193' title='bbox 1517 3112 1536 3153; x_wconf 93' lang='lat' dir='ltr'><strong>a</strong></span> <span class='ocrx_word' id='word_1_194' title='bbox 1558 3089 1689 3154; x_wconf 75' lang='lat' dir='ltr'><strong>familiis</strong></span> <span class='ocrx_word' id='word_1_195' title='bbox 1724 3092 1866 3157; x_wconf 79' lang='lat' dir='ltr'><strong>familiae</strong></span> <span class='ocrx_word' id='word_1_196' title='bbox 1898 3095 1996 3158; x_wconf 83' lang='lat' dir='ltr'><strong>distin·</strong></span> 
     </span>
     <span class='ocr_line' id='line_1_22' title="bbox 457 3189 1996 3274; baseline 0.001 -21"><span class='ocrx_word' id='word_1_197' title='bbox 457 3193 622 3267; x_wconf 86' lang='lat' dir='ltr'><strong>honestis,</strong></span> <span class='ocrx_word' id='word_1_198' title='bbox 654 3205 723 3255; x_wconf 90' lang='lat' dir='ltr'><strong>tnm</strong></span> <span class='ocrx_word' id='word_1_199' title='bbox 741 3191 907 3274; x_wconf 88' lang='lat' dir='ltr'><strong>turpibus,</strong></span> <span class='ocrx_word' id='word_1_200' title='bbox 937 3203 1009 3252; x_wconf 82' lang='lat' dir='ltr'><strong>ata</strong></span> <span class='ocrx_word' id='word_1_201' title='bbox 1030 3189 1201 3274; x_wconf 83' lang='lat' dir='ltr'><strong>sapientis:</strong></span> <span class='ocrx_word' id='word_1_202' title='bbox 1262 3203 1444 3274; x_wconf 79' lang='lat' dir='ltr'><strong>gaeretur,</strong></span> <span class='ocrx_word' id='word_1_203' title='bbox 1475 3203 1544 3253; x_wconf 88' lang='lat' dir='ltr'><strong>tam</strong></span> <span class='ocrx_word' id='word_1_204' title='bbox 1575 3192 1673 3256; x_wconf 84' lang='lat' dir='ltr'><strong>etiam</strong></span> <span class='ocrx_word' id='word_1_205' title='bbox 1696 3195 1785 3258; x_wconf 89' lang='lat' dir='ltr'><strong>nulla</strong></span> <span class='ocrx_word' id='word_1_206' title='bbox 1814 3199 1996 3261; x_wconf 78' lang='lat' dir='ltr'><strong>necessitate</strong></span> 
     </span>
     <span class='ocr_line' id='line_1_23' title="bbox 458 3279 1995 3378; baseline 0.003 -26"><span class='ocrx_word' id='word_1_207' title='bbox 458 3281 673 3374; x_wconf 87' lang='lat' dir='ltr'><strong>Sempronius</strong></span> <span class='ocrx_word' id='word_1_208' title='bbox 702 3293 850 3374; x_wconf 77' lang='lat' dir='ltr'><strong>Sophus,</strong></span> <span class='ocrx_word' id='word_1_209' title='bbox 888 3291 1021 3354; x_wconf 85' lang='lat' dir='ltr'><strong>Laelius</strong></span> <span class='ocrx_word' id='word_1_210' title='bbox 1047 3291 1203 3373; x_wconf 82' lang='lat' dir='ltr'><strong>Sapiens,</strong></span> <span class='ocrx_word' id='word_1_211' title='bbox 1261 3279 1414 3368; x_wconf 80' lang='lat' dir='ltr'><strong>honoris,</strong></span> <span class='ocrx_word' id='word_1_212' title='bbox 1446 3307 1498 3356; x_wconf 86' lang='lat' dir='ltr'><strong>aat</strong></span> <span class='ocrx_word' id='word_1_213' title='bbox 1525 3291 1645 3355; x_wconf 83' lang='lat' dir='ltr'><strong>ludicri</strong></span> <span class='ocrx_word' id='word_1_214' title='bbox 1672 3314 1756 3378; x_wconf 80' lang='lat' dir='ltr'><strong>ergo</strong></span> <span class='ocrx_word' id='word_1_215' title='bbox 1781 3297 1918 3374; x_wconf 79' lang='lat' dir='ltr'><strong>collata,</strong></span> <span class='ocrx_word' id='word_1_216' title='bbox 1955 3313 1995 3358; x_wconf 83' lang='lat' dir='ltr'><strong>ut:</strong></span> 
     </span>
     <span class='ocr_line' id='line_1_24' title="bbox 457 3381 1997 3479; baseline 0.002 -24"><span class='ocrx_word' id='word_1_217' title='bbox 457 3406 512 3455; x_wconf 88' lang='lat' dir='ltr'><strong>sat</strong></span> <span class='ocrx_word' id='word_1_218' title='bbox 530 3413 549 3454; x_wconf 88' lang='lat' dir='ltr'><strong>e</strong></span> <span class='ocrx_word' id='word_1_219' title='bbox 566 3381 754 3455; x_wconf 83' lang='lat' dir='ltr'><strong>contrario:¹</strong></span> <span class='ocrx_word' id='word_1_220' title='bbox 779 3388 889 3453; x_wconf 86' lang='lat' dir='ltr'><strong>iunias</strong></span> <span class='ocrx_word' id='word_1_221' title='bbox 906 3391 1044 3454; x_wconf 85' lang='lat' dir='ltr'><strong>Brutus.</strong></span> <span class='ocrx_word' id='word_1_222' title='bbox 1082 3391 1112 3452; x_wconf 74' lang='lat' dir='ltr'>A</span> <span class='ocrx_word' id='word_1_223' title='bbox 1133 3413 1202 3454; x_wconf 89' lang='lat' dir='ltr'><strong>mo·</strong></span> <span class='ocrx_word' id='word_1_224' title='bbox 1261 3393 1455 3479; x_wconf 84' lang='lat' dir='ltr'><strong>Calpurnius</strong></span> <span class='ocrx_word' id='word_1_225' title='bbox 1484 3393 1561 3457; x_wconf 90' lang='lat' dir='ltr'><strong>Piso</strong></span> <span class='ocrx_word' id='word_1_226' title='bbox 1591 3397 1713 3478; x_wconf 78' lang='lat' dir='ltr'><strong>Frugi,</strong></span> <span class='ocrx_word' id='word_1_227' title='bbox 1744 3399 1920 3464; x_wconf 88' lang='lat' dir='ltr'><strong>Cornelias</strong></span> <span class='ocrx_word' id='word_1_228' title='bbox 1942 3400 1997 3462; x_wconf 83' lang='lat' dir='ltr'><strong>Sci·</strong></span> 
     </span>
     <span class='ocr_line' id='line_1_25' title="bbox 457 3491 1996 3586; baseline 0.004 -30"><span class='ocrx_word' id='word_1_229' title='bbox 457 3491 568 3566; x_wconf 77' lang='lat' dir='ltr'><strong>riuus,</strong></span> <span class='ocrx_word' id='word_1_230' title='bbox 619 3492 813 3576; x_wconf 84' lang='lat' dir='ltr'><strong>Tarquinius</strong></span> <span class='ocrx_word' id='word_1_231' title='bbox 852 3492 1038 3574; x_wconf 81' lang='lat' dir='ltr'><strong>Superbus,</strong></span> <span class='ocrx_word' id='word_1_232' title='bbox 1080 3492 1201 3556; x_wconf 85' lang='lat' dir='ltr'><strong>Fabius</strong></span> <span class='ocrx_word' id='word_1_233' title='bbox 1259 3496 1315 3580; x_wconf 90' lang='lat' dir='ltr'><strong>pio</strong></span> <span class='ocrx_word' id='word_1_234' title='bbox 1326 3495 1531 3579; x_wconf 80' lang='lat' dir='ltr'><strong>Africanus,</strong></span> <span class='ocrx_word' id='word_1_235' title='bbox 1554 3495 1728 3562; x_wconf 87' lang='lat' dir='ltr'><strong>Cornelias</strong></span> <span class='ocrx_word' id='word_1_236' title='bbox 1743 3499 1904 3566; x_wconf 85' lang='lat' dir='ltr'><strong>Lentulus</strong></span> <span class='ocrx_word' id='word_1_237' title='bbox 1917 3505 1996 3586; x_wconf 80' lang='lat' dir='ltr'><strong>Spis-</strong></span> 
     </span>
     <span class='ocr_line' id='line_1_26' title="bbox 462 3591 1817 3692; baseline 0.003 -33"><span class='ocrx_word' id='word_1_238' title='bbox 462 3593 604 3678; x_wconf 78' lang='lat' dir='ltr'><strong>Gurges,</strong></span> <span class='ocrx_word' id='word_1_239' title='bbox 635 3592 786 3658; x_wconf 74' lang='lat' dir='ltr'><strong>Aufidius</strong></span> <span class='ocrx_word' id='word_1_240' title='bbox 802 3595 920 3658; x_wconf 75' lang='lat' dir='ltr'><strong>Lateo.</strong></span> <span class='ocrx_word' id='word_1_241' title='bbox 962 3591 1014 3655; x_wconf 83' lang='lat' dir='ltr'><strong>Ab</strong></span> <span class='ocrx_word' id='word_1_242' title='bbox 1030 3606 1118 3658; x_wconf 84' lang='lat' dir='ltr'><strong>arte:</strong></span> <span class='ocrx_word' id='word_1_243' title='bbox 1140 3596 1201 3692; x_wconf 72' lang='lat' dir='ltr'><strong>Fa·</strong></span> <span class='ocrx_word' id='word_1_244' title='bbox 1260 3597 1351 3675; x_wconf 78' lang='lat' dir='ltr'><strong>tier,</strong></span> <span class='ocrx_word' id='word_1_245' title='bbox 1375 3593 1535 3661; x_wconf 87' lang='lat' dir='ltr'><strong>Caecilius</strong></span> <span class='ocrx_word' id='word_1_246' title='bbox 1551 3599 1708 3665; x_wconf 76' lang='lat' dir='ltr'><strong>Metellus</strong></span> <span class='ocrx_word' id='word_1_247' title='bbox 1729 3605 1817 3686; x_wconf 81' lang='lat' dir='ltr'><strong>Pius.</strong></span> 
     </span>
    </p>
   </div>
   <div class='ocr_carea' id='block_1_6' title="bbox 1122 3925 1412 4064">
    <p class='ocr_par' dir='ltr' id='par_1_7' title="bbox 1122 3925 1412 4064">
     <span class='ocr_line' id='line_1_27' title="bbox 1122 3925 1412 4064; baseline 0.031 -26"><span class='ocrx_word' id='word_1_248' title='bbox 1122 3974 1286 4064; x_wconf 58' lang='lat' dir='ltr'><strong>·sna</strong></span> <span class='ocrx_word' id='word_1_249' title='bbox 1409 3925 1412 3932; x_wconf 36' lang='lat'><strong><em>¹</em></strong></span> 
     </span>
    </p>
   </div>
   <div class='ocr_carea' id='block_1_7' title="bbox 944 4133 1521 4220">
    <p class='ocr_par' dir='ltr' id='par_1_8' title="bbox 944 4133 1521 4220">
     <span class='ocr_line' id='line_1_28' title="bbox 944 4133 1521 4220; baseline 0 -24"><span class='ocrx_word' id='word_1_250' title='bbox 944 4134 997 4196; x_wconf 84' lang='lat' dir='ltr'><strong>De</strong></span> <span class='ocrx_word' id='word_1_251' title='bbox 1019 4133 1208 4198; x_wconf 79' lang='lat' dir='ltr'><strong>nominibus</strong></span> <span class='ocrx_word' id='word_1_252' title='bbox 1223 4153 1283 4216; x_wconf 87' lang='lat' dir='ltr'><strong>per</strong></span> <span class='ocrx_word' id='word_1_253' title='bbox 1303 4139 1521 4220; x_wconf 80' lang='lat' dir='ltr'><strong>adoptionem.</strong></span> 
     </span>
    </p>
   </div>
   <div class='ocr_carea' id='block_1_8' title="bbox 455 4365 1996 4576">
    <p class='ocr_par' dir='ltr' id='par_1_9' title="bbox 455 4365 1996 4576">
     <span class='ocr_line' id='line_1_29' title="bbox 455 4365 1996 4460; baseline 0.003 -28"><span class='ocrx_word' id='word_1_254' title='bbox 455 4365 468 4420; x_wconf 85' lang='lat'><strong>&#39;-</strong></span> <span class='ocrx_word' id='word_1_255' title='bbox 521 4369 661 4434; x_wconf 85' lang='lat' dir='ltr'><strong>Romani</strong></span> <span class='ocrx_word' id='word_1_256' title='bbox 697 4367 839 4453; x_wconf 81' lang='lat' dir='ltr'><strong>adoptati</strong></span> <span class='ocrx_word' id='word_1_257' title='bbox 870 4367 917 4434; x_wconf 90' lang='lat' dir='ltr'><strong>sic</strong></span> <span class='ocrx_word' id='word_1_258' title='bbox 951 4369 984 4429; x_wconf 89' lang='lat' dir='ltr'><strong>in</strong></span> <span class='ocrx_word' id='word_1_259' title='bbox 1026 4365 1207 4452; x_wconf 85' lang='lat' dir='ltr'><strong>adoptantis</strong></span> <span class='ocrx_word' id='word_1_260' title='bbox 1264 4366 1325 4432; x_wconf 89' lang='lat' dir='ltr'><strong>bas</strong></span> <span class='ocrx_word' id='word_1_261' title='bbox 1352 4369 1422 4452; x_wconf 88' lang='lat' dir='ltr'><strong>ejas</strong></span> <span class='ocrx_word' id='word_1_262' title='bbox 1445 4367 1630 4434; x_wconf 88' lang='lat' dir='ltr'><strong>nominibus</strong></span> <span class='ocrx_word' id='word_1_263' title='bbox 1655 4393 1732 4438; x_wconf 89' lang='lat' dir='ltr'><strong>snae</strong></span> <span class='ocrx_word' id='word_1_264' title='bbox 1753 4373 1860 4460; x_wconf 77' lang='lat' dir='ltr'><strong>gentis</strong></span> <span class='ocrx_word' id='word_1_265' title='bbox 1886 4393 1996 4440; x_wconf 83' lang='lat' dir='ltr'><strong>nonen</strong></span> 
     </span>
     <span class='ocr_line' id='line_1_30' title="bbox 459 4470 1995 4576; baseline 0.001 -42"><span class='ocrx_word' id='word_1_266' title='bbox 459 4483 591 4556; x_wconf 72' lang='lat' dir='ltr'><strong>gentem</strong></span> <span class='ocrx_word' id='word_1_267' title='bbox 619 4471 821 4546; x_wconf 80' lang='lat' dir='ltr'><strong>transivere,</strong></span> <span class='ocrx_word' id='word_1_268' title='bbox 854 4484 891 4533; x_wconf 88' lang='lat' dir='ltr'><strong>ut</strong></span> <span class='ocrx_word' id='word_1_269' title='bbox 920 4470 1090 4576; x_wconf 39' lang='lat' dir='ltr'><strong>susceptis·</strong></span> <span class='ocrx_word' id='word_1_270' title='bbox 1106 4471 1208 4535; x_wconf 89' lang='lat' dir='ltr'><strong>omni·</strong></span> <span class='ocrx_word' id='word_1_271' title='bbox 1264 4483 1519 4556; x_wconf 86' lang='lat' dir='ltr'><strong>postponerent,</strong></span> <span class='ocrx_word' id='word_1_272' title='bbox 1549 4472 1818 4558; x_wconf 85' lang='lat' dir='ltr'><strong>sedproduetam</strong></span> <span class='ocrx_word' id='word_1_273' title='bbox 1836 4477 1995 4542; x_wconf 72' lang='lat' dir='ltr'><strong>innata.</strong></span> 
     </span>
    </p>
   </div>
   <div class='ocr_carea' id='block_1_9' title="bbox 490 4779 1083 4858">
    <p class='ocr_par' dir='ltr' id='par_1_10' title="bbox 490 4742 1083 4858">
     <span class='ocr_line' id='line_1_31' title="bbox 490 4779 1083 4858; baseline 0.007 -22"><span class='ocrx_word' id='word_1_274' title='bbox 490 4784 520 4852; x_wconf 84' lang='lat' dir='ltr'><strong>a)</strong></span> <span class='ocrx_word' id='word_1_275' title='bbox 541 4781 573 4838; x_wconf 88' lang='lat' dir='ltr'><strong>L.</strong></span> <span class='ocrx_word' id='word_1_276' title='bbox 584 4779 630 4837; x_wconf 85' lang='lat' dir='ltr'><strong>lX.</strong></span> <span class='ocrx_word' id='word_1_277' title='bbox 645 4803 670 4840; x_wconf 86' lang='lat' dir='ltr'><strong>c.</strong></span> <span class='ocrx_word' id='word_1_278' title='bbox 681 4795 723 4854; x_wconf 80' lang='lat'><strong>29.</strong></span> <span class='ocrx_word' id='word_1_279' title='bbox 799 4781 834 4854; x_wconf 82' lang='lat' dir='ltr'><strong>b)</strong></span> <span class='ocrx_word' id='word_1_280' title='bbox 854 4781 985 4844; x_wconf 80' lang='lat' dir='ltr'><strong>Tamll.</strong></span> <span class='ocrx_word' id='word_1_281' title='bbox 1000 4801 1030 4858; x_wconf 88' lang='lat' dir='ltr'><strong>p.</strong></span> <span class='ocrx_word' id='word_1_282' title='bbox 1041 4796 1083 4856; x_wconf 87' lang='lat'><strong>59.</strong></span> 
     </span>
    </p>
   </div>
   <div class='ocr_carea' id='block_1_10' title="bbox 0 0 2110 5514">
    <p class='ocr_par' dir='ltr' id='par_1_11' title="bbox 0 0 2110 5514">
     <span class='ocr_line' id='line_1_32' title="bbox 0 0 2110 5514; baseline 0 0"><span class='ocrx_word' id='word_1_283' title='bbox 0 0 2110 5514; x_wconf 95' lang='lat' dir='ltr'><strong> </strong></span> 
     </span>
    </p>
   </div>
  </div>
 </body>
</html>
