4180 5484
417 597 490 678 tiu
897 583 1166 664 cuovtta.
1202 579 1470 662 coccina,

416 783 531 829 verens
559 755 710 842 Pompeii
742 755 866 822 liberos
905 755 939 818 in
968 754 1157 840 Hispaniam
1214 753 1333 862 dentur
1353 753 1438 820 adeo
1460 751 1606 837 ejusdam
1628 771 1710 822 esse¹
1725 755 1880 839 generis,
1906 778 1963 824 ς..

413 866 582 950 proiectus
604 865 715 944 plures
737 861 861 922 Romae
887 875 948 940 pro
971 855 1157 938 se'prsele·
1212 855 1264 937 jus
1283 867 1356 916 sunt
1376 857 1468 920 numi
1489 858 1584 924 aenei
1606 855 1812 939 Sempronii,
1835 857 1960 935 Bibuli,

384 991 387 998 ·
414 981 484 1030 ctos
506 965 656 1048 reliquit,
687 973 722 1023 ut
752 959 889 1022 diximus
919 960 952 1020 in
975 973 1074 1043 gente
1096 960 1157 1022 Ce·
1214 954 1315 1038 Oppii
1343 958 1586 1040 praefectorum
1609 959 1720 1021 classis
1742 961 1788 1026 hs.
1812 960 1960 1036 Antonii,

417 1071 492 1144 stis,
521 1088 563 1129 ex
585 1085 723 1150 quorum
745 1083 882 1124 numero
904 1061 1004 1122 fuisse
1027 1061 1062 1121 C.
1082 1056 1159 1122 Clo-
1214 1069 1417 1142 quorumque
1438 1061 1529 1122 numi
1550 1059 1635 1122 haud
1659 1059 1758 1123 dubie
1781 1075 1876 1124 extra
1905 1083 1961 1124 ur·
2087 1065 2088 1118 J

412 1172 671 1252 viumpraeseus
693 1185 810 1224 numus
831 1163 938 1224 docet.
980 1162 1073 1224 Haec
1091 1161 1156 1223 He·
1213 1159 1290 1222 bem
1325 1159 1442 1242 signati
1476 1174 1560 1226 sunt.
1604 1159 1754 1226 Clovium
1793 1162 1882 1225 hane
1919 1161 1962 1226 ab

415 1289 617 1351 vercampus.
670 1267 714 1326 At
740 1265 828 1326 enim
860 1264 1010 1326 universa
1038 1264 1157 1324 horum
1215 1260 1394 1326 Octaviano
1410 1263 1497 1324 inter
1513 1263 1854 1328 eonsularcsrelatum
1870 1265 1963 1334 Π..

415 1390 589 1434 numerum
625 1365 709 1428 ratio
744 1363 876 1427 dubium
913 1363 1008 1438 lacit,
1050 1363 1158 1426 sintne
1213 1363 1275 1443 725
1315 1362 1414 1426 tradit
1442 1363 1507 1424 Dio
1532 1369 1572 1444 ¹).
1623 1365 1704 1427 Pare
1740 1363 1846 1426 entier
1884 1385 1963 1428 cou-

415 1446 546 1534 moneta
565 1467 653 1529 urbis
673 1465 823 1548 putandi3
855 1463 994 1526 adhaec
1017 1464 1157 1526 aliorum
1213 1483 1297 1525 nexa
1314 1464 1410 1526 simul
1430 1485 1504 1528 cum
1522 1485 1635 1528 aversa
1652 1477 1775 1528 certam
1792 1465 1878 1528 sistit
1897 1467 1962 1528 tti-

415 1574 506 1636 urbis
531 1567 773 1654 praefectorum
793 1567 882 1628 numi
901 1566 1051 1650 argentei
1073 1579 1181 1644 sieut,¹
1214 1585 1347 1629 nervam
1365 1565 1603 1648 Nicephorum,
1635 1566 1676 1630 de
1694 1588 1757 1652 qua
1775 1567 1904 1652 egimus
1925 1569 1961 1629 in

416 1675 494 1758 quin
524 1669 693 1746 etamsi,
731 1668 765 1730 hi
794 1669 925 1734 nonnisi
952 1668 1061 1735 aenei.
1101 1669 1161 1738 Vi·
1215 1681 1346 1732 moneta
1363 1667 1624 1744 Atheniensium.

920 1923 1387 2062 ι*ιίοιῐιίκιι

482 2183 571 2246 Gens
595 2179 746 2264 patricia,
774 2197 848 2240 nam
873 2179 912 2242 Τ.
928 2170 1091 2242 Cloelium
1110 2179 1160 2240 si·
1217 2193 1284 2241 tum
1301 2198 1366 2242 non
1387 2177 1570 2254 desiderat,
1591 2197 1699 2264 neque
1721 2179 1795 2261 plus
1814 2179 1963 2246 tribuen-

418 2285 528 2348 eulum
552 2283 638 2345 inter
662 2295 730 2343 tres
754 2277 908 2362 patricios
931 2293 1082 2344 numerat
1107 2282 1162 2342 Li·
1219 2279 1295 2342 dum
1326 2280 1492 2364 quinario,
1525 2281 1581 2364 qui
1609 2281 1761 2365 utrinque
1787 2279 1890 2346 offert
1916 2297 1966 2366 ty·

417 2388 503 2457 sius,
536 2385 592 2470 qui
620 2385 661 2448 V.
684 2383 720 2445 C.
752 2381 815 2460 3⁰9
851 2381 973 2444 tribuni
1004 2383 1163 2445 militares
1217 2399 1278 2466 pes
1308 2380 1632 2464 quinariis'imprimi
1659 2381 1784 2446 solitos.
1828 2385 1965 2448 acnua-

418 2507 479 2570 pro
506 2483 895 2558 consulibuslactisunt,
929 2483 971 2545 de
999 2506 1063 2568 quo
1084 2485 1161 2566 lege
1217 2501 1275 2544 res
1303 2482 1513 2559 Vaillantius,
1550 2497 1585 2545 et
1611 2486 1876 2568 Havercampus,
1909 2487 1965 2570 qui

418 2585 634 2647 disserentem
656 2582 824 2651 Vrsinum.
866 2585 910 2646 At
930 2583 1050 2647 Cloelii
1080 2583 1161 2650 antis
1215 2597 1293 2666 typo
1323 2583 1491 2648 Victoriae
1528 2583 1569 2645 ad
1597 2585 1734 2648 relatam
1768 2585 1811 2648 de
1841 2587 1966 2650 Poenis

420 2685 527 2768 quitus
544 2685 623 2760 dicti
639 2697 712 2746 sunt
725 2683 854 2748 Cloulii.
1215 2688 1250 2747 in
1271 2684 1381 2748 Sicilia
1402 2683 1591 2762 victoriam,
1621 2699 1701 2768 typo
1729 2687 1894 2770 spicarum
1922 2689 1965 2750 ad

560 2787 668 2867 Caput
698 2785 849 2848 Palladis
888 2787 1033 2863 alatum,
1067 2782 1158 2869 infru
1215 2786 1416 2848 feracitatem
1436 2785 1559 2850 insulae
1576 2785 1686 2849 adludi
1704 2807 1881 2857 censeare.
1909 2787 1966 2851 Li·

561 2886 702 2952 Romu.
969 2891 980 2900 '
1215 2899 1309 2950 terse
1336 2887 1499 2970 alphabeti
1528 2887 1617 2950 aliud
1644 2909 1712 2950 non
1739 2903 1834 2966 sunt,
1864 2911 1965 2976 quam

420 2992 458 3051 Τ.
478 2989 652 3057 CLOVLI.
700 2993 853 3054 Victoria
881 2991 919 3050 e‘n
948 2991 1028 3053 citis
1055 2987 1165 3070 bigis,
1215 2990 1307 3072 signa
1328 2988 1596 3052 monetariorum.
1636 2989 1742 3081 Quam
1763 2991 1907 3076 turpiter
1927 2995 1965 3056 iu

423 3093 647 3174 irfiospt'cae.
670 3093 742 3157 AR.
758 3090 792 3153 C.
1214 3089 1265 3152 his
1296 3089 1495 3171 explicandis
1524 3089 1607 3170 lapsi
1628 3090 1692 3150 aiut
1721 3091 1880 3175 Pighius,
1910 3109 1965 3168 et,

563 3193 672 3274 Caput
693 3193 802 3267 Iovis,
832 3195 868 3256 in
887 3211 965 3256 ereo
984 3197 1098 3255 ocriae
1117 3191 1165 3254 ul·
1215 3190 1303 3276 quod
1324 3191 1425 3272 magia
1457 3190 1598 3266 mirere,
1628 3191 1841 3270 Vaillantius,
1883 3195 1965 3257 alibi

555 3293 695 3371 pliadett'
712 3293 839 3354 literae.
1011 3297 1019 3313 ‘
1214 3289 1352 3352 diximus
1366 3287 1409 3372 ¹³).
1431 3293 1685 3354 tastamentum
1700 3293 1731 3386 Q
1751 3295 1853 3377 partis
1869 3315 1967 3360 ater·

384 3441 391 3470 .
418 3397 457 3458 Τ.
479 3389 653 3460 CLOVLI.
689 3395 843 3454 Victoria
874 3405 1042 3474 tropaeum
1069 3413 1158 3456 coro·
1215 3411 1288 3469 sue,
1323 3395 1474 3476 quoniam
1511 3393 1704 3458 invariatum
1740 3397 1776 3457 iu
1811 3397 1969 3461 omuibus

418 3517 519 3570 nens,
542 3494 633 3574 insto
652 3491 693 3584 Q.
731 3490 818 3582 Quin
839 3493 875 3556 C.
1218 3505 1287 3570 cst,
1311 3493 1502 3587 Quinctium
1517 3493 1651 3560 iudicat.

482 3595 645 3660 Deuarius
669 3593 791 3660 veteris
814 3591 997 3678 argumenti
1022 3593 1164 3678 explica·

999 3895 1377 3980 COCCEIA·

482 4095 639 4159 Fueritne
657 4091 805 4177 patricia,
828 4113 868 4154 an
884 4090 1032 4175 plebeia,
1055 4092 1161 4155 incer
1217 4091 1257 4159 1..
1275 4089 1511 4158 ANTONIVS.
1534 4090 1630 4155 COS.
1666 4089 1775 4177 Caput
1794 4095 1837 4162 L.
1855 4097 1974 4162 Anto·

328 4199 333 4208 '
420 4213 498 4264 tum.
520 4199 570 4260 Ex
585 4195 645 4259 hac
659 4193 780 4279 prodiit
798 4193 956 4258 Cocceius
968 4195 1087 4270 Nersa,
1106 4191 1160 4276 qui
1219 4196 1269 4256 nii
1286 4195 1419 4256 numm.
1442 4193 1511 4254 att.
1529 4193 1572 4258 R.

419 4301 606 4364 Domitiano
624 4295 791 4360 successit.
813 4296 1006 4380 Cognomeu
1020 4294 1141 4360 Neruo.

559 4401 606 4463 Μ.
628 4399 727 4462 ΑΝΤ.
767 4399 855 4460 ΙΜΡ.
889 4396 990 4464 AVG.
1027 4397 1159 4464 illvm.
1283 4391 1387 4454 Cusus
1412 4405 1463 4456 est
1484 4393 1537 4456 lsic
1566 4393 1721 4463 denarius
1750 4398 1791 4466 V·
1814 4397 1854 4463 C.
1884 4401 1971 4482 713,

558 4501 599 4564 R.
629 4501 666 4562 Ρ.
695 4501 733 4566 C.
762 4501 807 4562 Μ.
830 4499 993 4564 NERVA.
1022 4495 1156 4588 PROQ.
1213 4493 1373 4556 namhoc
1403 4513 1487 4557 suno
1514 4495 1554 4562 1..
1568 4498 1727 4562 Antonius
1749 4499 1869 4562 consul
1889 4521 1971 4584 pro·

558 4601 596 4660 P.
621 4600 728 4682 Caput
745 4602 795 4660 M.
809 4603 957 4662 Antonii
973 4603 1110 4664 rudunt.
1214 4594 1320 4660 cessit
1361 4595 1647 4684 Cuminreliquis
1666 4599 1802 4666 dubium
1825 4623 1989 4672 nonum

425 4743 1974 4778 *NJ

457 4833 488 4902 a)
506 4827 538 4885 L.
547 4827 607 4889 Lll.
621 4839 682 4890 clt2
755 4823 791 4896 b)
810 4843 839 4900 P·
852 4837 895 4890 Π·
