4184 5500
573 549 651 622 an
686 547 892 624 invasos
927 549 1318 624 canomannica.
1590 505 1604 516 ⁸
1679 571 1726 638 as

171 715 206 778 in
223 715 328 780 cumis
349 714 478 781 urbium
500 715 629 802 longius
650 717 691 782 ab
712 718 796 780 urbe
812 721 917 781 Roma
973 716 1059 782 Nolo
1082 707 1286 801 recoquere,
1311 729 1394 803 quas
1409 718 1621 786 samoritstss
1645 719 1729 786 alias

170 815 391 896 distantium:
415 833 452 882 at
478 820 682 903 Murgantiae
711 821 844 885 Siciliae
868 823 915 903 ΙΙ),
973 817 1014 882 ad
1038 819 1170 882 citatam
1197 821 1386 904 Agathoclis
1415 841 1550 884 numum
1575 841 1723 890 comme·

173 921 405 1004 Syracusarum
427 918 478 1002 b),
509 922 698 986 camerinae
724 921 855 986 Siciliae
871 923 913 1004 ο).
972 921 1107 985 morini.
1144 923 1206 983 Est
1226 921 1379 1006 nimirum
1401 923 1551 988 ffloerva
1569 923 1719 1002 Victrix,

168 1020 214 1084 At
232 1023 333 1087 habes
354 1035 463 1107 caput
480 1023 644 1107 galeatum
668 1015 835 1087 alatum‘in
861 1043 915 1088 co·
972 1035 1028 1084 aut
1060 1023 1209 1087 Minerva
1240 1022 1405 1101 Victoria,
1443 1043 1541 1107 quam
1577 1027 1720 1108 cumpri-

168 1124 269 1210 piosis
284 1125 391 1188 numia
410 1124 538 1188 sicinae
559 1123 718 1188 Graeciae
737 1129 802 1203 ld,
826 1128 913 1188 Thu·
970 1125 1032 1200 mia
1052 1124 1189 1188 Athenis
1204 1125 1337 1189 nomine
1356 1121 1529 1204 Νικηφορυ,
1552 1126 1718 1190 autetiam

166 1225 224 1303 rii,
252 1227 452 1310 Metaponti,
473 1226 606 1302 Veliae,
631 1225 665 1286 in
682 1226 799 1311 quibus
813 1249 912 1292 nemo
968 1219 1071 1299 Naxiae
1091 1227 1211 1289 culum
1233 1226 1352 1298 ῐιιίεοο,
1372 1227 1406 1287 in
1428 1225 1631 1290 Athenarum
1648 1249 1722 1294 mo·

168 1327 437 1408 erathostenes,
473 1329 529 1412 qui
554 1341 764 1411 praesentem
791 1333 916 1394 Minen-
972 1341 1048 1390 neta
1071 1347 1173 1390 aenea
1198 1329 1294 1412 large
1316 1327 1456 1392 ostendi.
1497 1329 1593 1416 Ergo
1614 1329 1650 1392 iu
1669 1352 1723 1394 as·

166 1449 240 1494 sam
259 1427 471 1496 inficiaretur.
509 1430 698 1514 Ingreditur
714 1433 813 1495 etiam
831 1435 915 1496 alata
975 1443 1094 1513 gentes
1136 1450 1266 1515 quoquo
1308 1431 1532 1492 Romanorum
1577 1443 1719 1509 moneta,

159 1531 202 1593 ·iu
239 1521 360 1616 insigni
389 1551 492 1596 numo
522 1554 637 1597 aureo·
654 1536 744 1617 regis
771 1533 916 1618 Agatho·
974 1550 1047 1594 eum
1069 1531 1237 1594 Palladem
1258 1530 1375 1595 alatam
1392 1530 1632 1615 conspicimus,
1664 1533 1723 1599 Vi·

165 1631 227 1697 olis
250 1629 301 1716 d),
330 1634 415 1696 etin
432 1635 680 1698 numoiosulae
698 1638 788 1699 Noae
811 1657 915 1722 propa
974 1633 1060 1695 ctrix
1081 1631 1297 1718 intelligenda
1319 1647 1383 1697 eat.
1423 1637 1535 1720 Atque
1562 1635 1648 1700 hanc
1673 1635 1722 1712 vi·¹

168 1737 332 1798 Lemnum
347 1737 398 1818 e),
425 1749 459 1800 et
479 1735 595 1799 alatam
624 1734 760 1800 exhibet
780 1737 916 1821 insignis
975 1733 1072 1796 detur
1092 1736 1279 1816 respexisse
1301 1734 1437 1811 Cicero,
1470 1754 1545 1801 oum
1566 1735 1627 1800 aits
1650 1737 1722 1802 Mi·

164 1859 286 1901 numus
307 1837 488 1901 Domitiani
513 1857 587 1900 oum
610 1837 779 1901 mentione
805 1858 920 1901 consa·
976 1855 1076 1897 nerva
1106 1837 1228 1916 quinta
1254 1837 1441 1914 Pallantis,
1460 1869 1475 1890 ·
1493 1871 1508 1887 ·
1527 1841 1621 1900 -cui
1647 1840 1724 1924 pin·

167 1939 387 2017 latasXVllss,
415 1940 472 2023 qni
492 1953 543 2003 est
560 1939 594 2001 in
612 1959 727 2004 museo
745 1941 917 2004 Caesareo.
976 1954 1095 1996 narum
1118 1935 1247 2000 talaria
1277 1935 1426 2022 adfigunt
1449 1939 1492 2014 s).
1533 1939 1642 2003 Nemo
1663 1937 1723 2002 mi·

170 2041 277 2136 Quam
298 2041 414 2106 alatam
432 2041 554 2106 docem
581 2055 807 2120 monumenta,
831 2063 920 2106 coan-
975 2049 1087 2114 retur,
1126 2035 1210 2102 adeo
1236 2037 1436 2122 singularem
1462 2037 1590 2102 Palladi
1616 2063 1635 2102 a
1655 2041 1721 2104 lio·

169 2143 311 2226 probant
326 2143 425 2208 ctiam
442 2157 593 2208 veterum
613 2145 810 2210 testimonia.
841 2145 923 2208 Con
977 2140 1098 2217 maniat
1120 2152 1153 2200 et
1169 2152 1370 2204 constantem
1384 2141 1546 2204 honorem
1565 2139 1722 2220 habitum,

164 2259 262 2310 numa
279 2244 323 2310 de
338 2245 473 2311 Pallade
491 2243 536 2332 ¹),
571 2261 710 2327 πτερωτη
734 2263 921 2332 παρεισαψ-
977 2263 1051 2308 oum
1075 2263 1147 2308 eam
1170 2241 1302 2328 publice
1323 2241 1387 2326 ipsi
1406 2241 1523 2304 lunoni
1544 2243 1723 2326 praelatam

165 2369 234 2426 aaa,
260 2342 316 2410 dea
336 2371 372 2414 το
394 2347 548 2432 &gellonos
568 2374 624 2413 aaa
643 2345 830 2433 ἆμπαβολοι
857 2369 916 2412 aas
972 2346 1159 2424 soluerint,
1204 2363 1269 2430 qno
1311 2342 1368 2406 sla÷
1395 2351 1591 2428 a'r'gumento
1625 2343 1722 2409 latius

165 2449 319 2531 πςιξεωι,
347 2455 442 2516 alata
463 2453 632 2538 fingitur,
667 2453 756 2534 qaod
783 2474 824 2515 aa
861 2473 916 2515 ne·
972 2469 1064 2532 agam
1099 2447 1134 2510 in
1166 2444 1496 2532 numis·Vespasiani
1530 2444 1572 2510 sd
1602 2465 1722 2510 annam

168 2557 285 2636 gotia}
320 2557 585 2640 pune-sasdpit,
620 2557 790 2620 celerrime
806 2573 920 2638 proce·
976 2551 1017 2622 V.
1034 2551 1070 2616 0.
1087 2552 1161 2629 024.

169 2655 270 2732 dant,
302 2675 364 2719 nec
385 2657 456 2721 auo
479 2658 576 2724 modo
609 2660 765 2744 impediri
785 2668 921 2739 parcnt,

751 2941 1133 2971 ..ο-ι’·-

648 3357 1033 3508 carso
1106 3352 1203 3468 xi

830 3601 888 3692 Dc
913 3615 1044 3716 geniis.
1115 3711 1124 3728 ,
1256 3727 1261 3734 .

164 3854 366 3970 Secundam
401 3901 500 3980 aleos,
541 3899 685 3986 deasque
720 3897 906 3986 proximum
964 3896 1187 3984 provinciam,
1216 3893 1378 3958 urbemse
1396 3909 1438 3955 ox
1460 3906 1572 3959 earam
1590 3885 1714 3964 indole,

163 4013 273 4075 locam
298 4005 448 4070 obtinent
475 4005 581 4089 genii,
612 4023 678 4088 quo
702 4001 836 4070 nomino
860 4001 909 4062 in·
966 4001 1134 4086 causisque
1150 4001 1319 4074 inventae,
1341 3991 1491 4058 siseillis
1505 4009 1714 4091 reperscoe·

162 4111 280 4196 telligo
305 4111 332 4175 1.
376 4099 536 4193 imagines
572 4105 724 4193 regioni,
765 4103 907 4189 popolo,
956 4103 1067 4170 'lentes
1099 4102 1250 4188 qnidam,
1290 4096 1350 4162 sed
1385 4092 1551 4176 inlepioria
1587 4091 1713 4158 ordinis

161 4213 238 4278 arbi
259 4211 414 4292 tributas,
445 4213 514 4280 sise
538 4211 615 4276 illae
633 4208 723 4276 aliud
746 4227 813 4271 non
838 4205 909 4271 lue·
965 4205 1133 4291 praesides
1165 4217 1239 4268 suut
1275 4195 1447 4263 intellecti.
1490 4195 1531 4261 lt.
1552 4195 1710 4274 Virtutes,

161 4315 243 4390 rint,
272 4335 367 4400 mam
393 4314 572 4401 allegoriae
600 4314 641 4378 ad
666 4307 908 4399 significandam
964 4322 1022 4372 nt:
1050 4305 1276 4382 clementiam,
1304 4300 1424 4379 iidem,
1460 4298 1615 4384 pictatem
1644 4311 1709 4365 etc.

154 4463 1704 4498 ww

198 4586 229 4655 a)
249 4581 447 4642 Prino.Torr.
464 4581 679 4642 Mucianum.
695 4578 757 4638 sib.
860 4575 896 4648 b)
915 4573 992 4634 ibid
1004 4573 1081 4634 st.
1093 4571 1219 4634 lxxiv.
1236 4592 1264 4630 n.
1274 4583 1300 4646 9.
1400 4572 1432 4644 e)
1450 4565 1707 4630 taratonlano.

162 4683 225 4738 aa.
313 4671 348 4747 d)
363 4675 442 4732 Has.
464 4674 549 4734 Caes.
638 4669 818 4746 cretata
831 4667 1065 4744 malliaco.
1142 4663 1531 4742 memoriensem-20·
1618 4658 1651 4732 Ι)
1672 4653 1709 4712 ἆθ

161 4777 217 4824 nal.
231 4761 313 4822 decr.
324 4761 361 4823 J..
369 4759 420 4824 111.
430 4773 510 4830 mu.
