4184 5500
405 577 493 683 '¹106
960 591 1421 677 ‘factet-tollente

409 769 446 831 lii
470 769 584 853 hujus,
611 767 699 852 qnod
720 786 807 831 nunc
830 767 865 830 in
886 785 1007 844 ,rnnaco
1030 765 1066 829 S.
1084 762 1160 828 Flo·
1217 761 1319 847 gusti,
1334 761 1463 837 Liviae,
1480 759 1648 844 Agrippae
1666 765 1731 824 etc.
1758 775 1967 845 expressere,

413 871 498 934 risni
535 869 686 933 Austriae
726 867 907 953 superioris
949 866 1160 942 adservatur,
1216 865 1292 950 qnia
1318 865 1352 926 in
1379 865 1431 926 his
1460 864 1608 928 revocati
1635 881 1703 924 non
1731 873 1806 926 sont
1833 873 1968 928 veteres

398 971 514 1040 ,iidem
537 969 694 1038 haberem
719 961 933 1054 exploratam.
967 968 1087 1052 Ajcbat
1109 965 1160 1045 vir
1217 967 1304 1050 typi,
1337 966 1397 1030 sed
1425 965 1516 1028 nnnri
1541 978 1617 1028 sunt
1643 964 1740 1048 plane
1770 963 1870 1041 nori,
1907 984 1966 1026 sen

409 1074 491 1138 artis
507 1085 642 1136 nostrae
665 1071 900 1158 peritissimus,
926 1071 983 1156 qni
1008 1090 1084 1134 meo
1103 1087 1162 1142 ro·
1217 1081 1330 1151 typum
1346 1081 1495 1158 spectes,
1520 1087 1580 1129 seu
1601 1065 1780 1130 matricem.
1806 1065 1965 1130 Bimardc

413 1187 492 1260 gntn
513 1197 646 1238 numum
670 1176 829 1258 inspexit,
854 1173 889 1235 in
908 1171 1010 1256 partis
1027 1189 1161 1250 aversae
1217 1169 1253 1230 in
1277 1183 1449 1252 praesente
1475 1189 1569 1234 musa
1593 1188 1669 1230 curn
1690 1167 1967 1252 praecedentibus

413 1278 574 1361 scriptura
618 1273 789 1350 observari
831 1273 1003 1337 manifesta
1040 1269 1163 1336 admoti
1218 1272 1407 1356 antiquariis
1425 1270 1497 1332 lere
1518 1269 1690 1346 convenit,
1706 1269 1754 1334 sic
1774 1282 1810 1332 ut
1827 1289 1965 1334 nccesac

410 1379 562 1460 scalpelli
598 1377 754 1460 uestigia,
788 1373 1041 1458 ¹inscriptionem
1076 1391 1158 1438 vero
1214 1392 1280 1434 non
1299 1372 1358 1450 sit,
1375 1371 1520 1434 ¹aliorum
1539 1370 1857 1455 qnoqucscntentiis
1877 1391 1966 1434 corn·

410 1499 479 1542 non
508 1499 582 1542 esse
607 1478 723 1551 talem,
756 1474 887 1560 qualem
916 1472 1063 1558 prodidit
1083 1473 1158 1536 Bal·
1214 1473 1434 1552 memorandis
1452 1473 1630 1536 immorari.

414 1578 528 1656 dinus,
565 1577 645 1642 sede
688 1577 777 1640 lMP.
809 1577 853 1642 D.
892 1576 1018 1644 VESP.
1058 1574 1158 1644 AvG.
1190 1631 1196 1640 ‚
1276 1577 1356 1638 Non
1379 1573 1500 1637 ,adrisit
1524 1587 1617 1640 vetus
1642 1572 1725 1636 haec
1752 1572 1863 1655 opinio
1886 1593 1964 1637 ern·

411 1679 558 1755 REST„
596 1697 678 1765 quac
712 1676 794 1741 adeo
824 1690 940 1761 suapte
970 1677 1159 1760 imperitum
1218 1677 1287 1740 dito
1310 1677 1343 1739 le
1367 1677 1469 1742 Beau.
1495 1677 1583 1758 Nam
1607 1677 1632 1736 1.
1655 1675 1800 1752 nullum,
1825 1675 1886 1753 ait,
1912 1695 1963 1740 re·

408 1779 579 1843 falsarium
601 1780 728 1864 argoit3
756 1797 865 1864 neque
888 1779 976 1842 enim
999 1781 1157 1844 Domitia·
1213 1778 1318 1862 periri
1342 1779 1376 1839 in
1400 1791 1552 1842 veterum
1574 1777 1705 1859 scriptis
1729 1777 1960 1854 testimonium,

406 1902 470 1945 nus
502 1903 648 1968 unquam
683 1880 887 1966 Vespasiani
911 1899 1033 1944 nornen
1069 1881 1155 1946 tulit.
1215 1879 1303 1965 qnod
1325 1879 1494 1944 restitutos
1520 1902 1539 1942 a
1562 1879 1806 1943 successoribus
1829 1901 1962 1962 pracce-

408 1983 501 2068 Ergo
526 1983 684 2048 Baldinos
711 1983 841 2046 literam
868 1984 907 2048 F.
932 1995 1012 2066 post
1035 1981 1156 2061 ΔΥΕ,
1215 1980 1362 2044 dentium
1391 1981 1616 2066 Augustorum
1650 2001 1768 2074 numos
1804 1981 1960 2047 traderet.

409 2105 475 2170 quo
499 2085 613 2150 vitium
638 2085 785 2163 velaret,
819 2085 909 2148 ultro
934 2083 1085 2160 intrusit,
1120 2098 1157 2148 nt
1214 2083 1254 2146 lt.
1288 2083 1419 2146 Nullam
1455 2105 1551 2168 posse
1585 2082 1710 2147 adferri
1743 2083 1958 2150 verisimilem

410 2206 525 2248 sensns
564 2177 627 2248 sit?
672 2190 893 2250 Domitianus
930 2186 1159 2252 VESPcsicns'
1215 2203 1363 2262 cansam,
1390 2205 1478 2269 quae
1506 2185 1548 2248 ad
1577 2183 1663 2248 istud
1691 2183 1873 2247 institutum
1897 2186 1960 2245 Διι-

341 2322 343 2327 ·
408 2288 510 2354 AVG.
528 2289 649 2350 Filius.
673 2287 741 2350 Sed
753 2307 866 2372 neque
885 2287 932 2350 sic
948 2286 1073 2350 sublata
1083 2308 1158 2351 om·
1215 2300 1327 2371 gustos
1353 2285 1540 2372 impulerit,
1567 2306 1676 2371 neque
1696 2285 1767 2349 ullo
1787 2299 1884 2371 pacto
1907 2309 1959 2352 rs·

408 2389 461 2450 nis
485 2389 591 2471 culpa.
630 2389 823 2474 vespasiani
848 2389 936 2452 enim
958 2387 1082 2452 nomini
1103 2411 1160 2474 ap,
1213 2389 1286 2452 lere
1305 2408 1491 2472 possecas,
1516 2411 1595 2474 quas
1616 2402 1876 2454 commemorant
1893 2389 1957 2456 alii.

408 2489 544 2571 pellatio
575 2493 647 2554 divi
675 2489 886 2575 praefigenda
914 2491 1031 2555 inerat.
1073 2491 1156 2555 Satis
1215 2491 1289 2568 Sic,
1315 2491 1371 2575 qni
1389 2510 1569 2568 censuere,
1591 2487 1713 2554 iactum
1728 2490 1830 2570 istud,
1854 2505 1891 2554 nt
1908 2492 1960 2554 lra-

408 2589 509 2672 igitur
526 2611 657 2669 causac,
685 2613 746 2655 ccr
761 2612 861 2655 nnmo
879 2593 972 2669 huic,
994 2591 1050 2676 qui
1069 2607 1157 2656 cete·
1213 2590 1351 2655 beratur
1376 2592 1483 2656 honos
1508 2591 1713 2674 principibus
1738 2593 1804 2658 rita
1828 2593 1956 2668 innotis,

408 2693 456 2755 ris
474 2691 620 2774 partibus
635 2693 882 2777 rere-antiquus
903 2693 1043 2774 videtur,
1057 2691 1156 2758 fidem
1213 2707 1268 2756 ant
1295 2693 1431 2759 vetustis
1458 2693 1541 2777 reip.
1565 2691 1712 2772 familiis,
1744 2714 1813 2758 non
1837 2715 1958 2780 expen-

392 2791 620 2878 aabrogettttts.
1213 2794 1319 2873 disse,
1348 2793 1518 2858 interires
1540 2815 1718 2860 occurrere
1740 2796 1839 2861 etiam
1862 2798 1958 2860 Tibe·

423 2903 427 2915 '
515 2897 517 2904 ’
1210 2891 1317 2971 rium,
1333 2909 1372 2960 ct
1390 2881 1578 2976 Claudium,
1602 2899 1658 2981 qui
1676 2898 1786 2963 nullos
1803 2919 1881 2964 sanc
1901 2899 1959 2964 ho·

1208 3017 1309 3061 norea
1330 2997 1503 3082 promeriti
1526 3013 1618 3076 snnt,
1644 3021 1711 3064 non
1735 3021 1853 3085 paucas
1879 3021 1959 3067 vero

1209 3098 1348 3162 &emilina
1374 3119 1487 3183 parurn
1515 3100 1678 3179 illustres,
1719 3116 1753 3166 et
1783 3103 1957 3188 pleresque

448 3204 486 3262 in
508 3203 689 3282 descriptor
706 3204 961 3266 ‘restitutionum
984 3224 1109 3266 numos.
1209 3202 1358 3284 jamtum
1378 3202 1562 3266 exstinctas.
1594 3201 1894 3281 neomesiam,
1918 3205 1961 3268 si·

686 3309 688 3316 “
1208 3303 1368 3386 milesque
1389 3303 1594 3388 conjecturas
1612 3325 1748 3388 prorsus
1773 3307 1880 3370 everti
1902 3328 1958 3368 nn·

469 3398 627 3464 Eruditns
655 3399 737 3465 baro
757 3401 932 3470 Bimardus
954 3405 1001 3469 sic
1024 3405 1066 3468 dc
1089 3405 1151 3468 isto
1210 3405 1271 3466 mis
1296 3402 1461 3486 inscriptis
1486 3406 1633 3472 Dtvvs.
1656 3407 1808 3475 NERVA
1833 3429 1851 3470 a
1878 3409 1958 3470 Tra-

404 3523 583 3568 nnmorurn
605 3521 730 3586 genere
744 3503 870 3586 judicat
885 3509 924 3588 ¹).
956 3508 1152 3582 Restitutos,
1210 3505 1284 3586 jano
1306 3501 1416 3568 addito
1438 3506 1565 3571 REST.
1584 3507 1763 3590 percussis.
1792 3509 1845 3570 An
1869 3509 1956 3572 enirn

403 3609 466 3684 ait,
499 3603 701 3690 appellamus
725 3627 842 3670 numos
862 3620 925 3668 tam
952 3607 1152 3684 consulares,
1210 3603 1593 3690 verisimilc,a'1'rajano
1606 3609 1795 3674 restitutum
1810 3631 1955 3686 numum,

406 3729 500 3796 quam
540 3707 786 3787 imperatorios,
829 3707 863 3770 in
901 3709 1017 3792 quibus
1055 3729 1152 3790 supra
1211 3726 1309 3791 quern
1329 3705 1424 3769 feriri
1442 3708 1512 3792 ipse
1530 3709 1646 3794 jussit?

405 3811 609 3900 primaevum
627 3821 758 3892 typum,
780 3822 814 3872 et
832 3809 1078 3892 inscriptionem
1097 3809 1154 3874 ob·
1207 3879 1211 3888 ,
1273 3809 1419 3891 deiectis
1447 3809 1498 3873 his
1525 3813 1694 3898 sententiis
1711 3812 1813 3878 -alism
1840 3813 1954 3890 multo,

408 3931 574 3978 servamus
600 3931 722 3976 nomen
746 3909 817 3994 ejus
841 3909 1068 3992 imperatoris,
1097 3909 1153 3994 qui
1210 3923 1247 3974 nt
1274 3923 1378 3994 potat,
1402 3912 1682 3994 praestabiliorem
1707 3915 1842 3982 inducit.
1879 3916 1956 3978 Eri·

619 3047 940 3111 Animadversionss

408 4033 466 4078 eoa
506 4013 653 4078 secondo
687 4011 795 4090 lertio,
842 4011 954 4076 addito
993 4010 1152 4076 uocabulo
1210 4011 1334 4092 stimat,
1354 4013 1491 4077 verbum
1511 4019 1660 4078 restituit
1678 4015 1955 4100 significarc,im·

399 4114 534 4180 ites'r.
585 4117 661 4180 Non
695 4115 797 4200 igitur
832 4135 948 4178 nomos
982 4112 1153 4195 restitutos
1208 4129 1416 4198 potatorem,
1452 4136 1554 4200 quern
1581 4137 1699 4180 numus
1728 4119 1952 4182 restitutorem

408 4217 545 4300 proprie
567 4215 634 4282 dici
654 4237 753 4300 posse
774 4229 830 4281 ant
851 4217 944 4286 illos.
978 4215 1013 4279 in
1035 4216 1151 4303 quihus
1203 4217 1369 4302 appellat,
1388 4217 1570 4282 restituisse
1591 4233 1836 4302 monumentum
1853 4221 1955 4306 qnod-

407 4315 576 4381 Gallienn's
623 4318 889 4401 praecedentium
930 4321 1151 4405 Augustorum
1204 4318 1283 4386 dam
1299 4319 1464 4404 poblicum
1483 4319 1553 4404 ejus
1571 4322 1640 4386 sire
1660 4323 1887 4406 imperatoris,
1914 4325 1955 4386 si·

402 4419 672 4482 consecrationes
696 4421 861 4500 renituit,
894 4424 955 4485 int
981 4421 1078 4500 illos,
1117 4421 1150 4483 in
1208 4441 1249 4490 rc
1278 4421 1418 4485 hominis
1446 4421 1600 4500 illustris,
1630 4425 1722 4507 cujus
1749 4445 1870 4488 nomen
1890 4409 1954 4488 'nu-

396 4519 526 4611 ¹quibos
557 4521 742 4604 Augustus,
779 4523 951 4600 Tiberius,
990 4524 1151 4608 Caligula,
1208 4545 1280 4588 mus
1322 4521 1443 4608 prodit.
1507 4525 1708 4608 Argumenta
1754 4527 1952 4611 compendio

394 4621 578 4696 'Clondinm
609 4621 699 4684 Nero
718 4623 824 4706 capita
846 4627 872 4691 l.
896 4625 1059 4704 Caesaris,
1087 4631 1152 4692 Au·
1209 4627 1291 4690 ltnec
1313 4637 1406 4688 snntr
1437 4628 1461 4688 1.
1482 4627 1622 4710 Copiosa
1646 4641 1776 4691 exstant
1801 4641 1948 4692 rrternm

443 4837 473 4906 s)
494 4827 541 4888 Ad
557 4823 665 4884 lobert.
683 4829 717 4886 Τ.
728 4829 749 4889 Ι.
764 4839 866 4906 pass.
