4180 5484
420 563 493 642 216

425 728 459 790 in
481 723 587 790 numia
612 719 833 806 Amphipolis,
859 732 894 784 et
917 718 1169 784 Thessalonicae

426 827 639 893 Macedoniae
677 823 825 898 urbium,
865 842 973 908 neque
1013 821 1172 885 dubitavi·

425 952 515 1004 auus,
547 949 587 990 eo
618 927 712 1002 loco,
745 947 809 1011 quo
834 945 892 988 eos
920 922 1170 1006 descripsimus,

426 1033 585 1115 signatum
606 1028 639 1088 in
660 1027 725 1088 illia
745 1029 855 1089 lanum
875 1025 1041 1088 adserere.
1071 1024 1171 1086 Nimi-

425 1156 498 1208 rum
519 1130 632 1214 populi
652 1129 828 1203 Graeciae,
853 1149 894 1189 ex
916 1147 979 1210 quo
1000 1129 1034 1186 in
1051 1127 1170 1188 liema-

425 1254 542 1296 norum
564 1243 756 1314 potestatem
781 1229 979 1304 transivere,
1011 1226 1169 1311 signando

425 1338 458 1398 in
482 1347 612 1396 moneta
640 1339 695 1392 sua
719 1333 815 1406 lano,
844 1329 900 1413 qui
921 1328 997 1390 inde
1019 1329 1169 1392 aburbis

426 1433 627 1498 incunabulis
648 1431 735 1494 inter
755 1429 926 1518 praecipua
949 1419 1017 1512 eju's
1039 1430 1169 1492 numina

428 1535 615 1608 colebatur,
640 1531 749 1593 testati
770 1545 861 1606 sunt,
891 1531 1031 1594 eundem
1054 1551 1090 1593 se
1106 1533 1172 1593 lto·

428 1637 529 1699 manis
547 1634 608 1694 diis
631 1632 764 1694 deferre
787 1631 927 1710 cultum,
953 1653 1049 1716 quem
1067 1633 1171 1715 priva·

426 1740 482 1801 tim
502 1737 578 1812 suis,
597 1755 662 1818 quo
681 1731 779 1796 modo
796 1747 860 1794 nou
880 1756 1000 1816 paucae
1021 1735 1103 1798 uliae
1121 1755 1173 1796 ur-

425 1842 484 1918 bes
507 1839 653 1902 Graecae
677 1839 787 1900 lovem
810 1837 1028 1919 Capitolinum
1056 1837 1090 1897 iu
1115 1857 1173 1898 uu·

427 1943 487 2004 mis
507 1941 573 2004 suis
594 1941 814 2022 signaverunt.

490 2043 541 2105 Ab
569 2041 715 2106 adductis
742 2040 793 2102 his
821 2039 980 2122 exemplis
1002 2038 1173 2116 discimus,

427 2151 536 2210 lanum
573 2146 812 2216 Romanorum,
857 2139 1024 2202 simodo
1062 2153 1172 2202 certus

426 2253 521 2310 lanus
551 2245 611 2320 sit,
645 2255 833 2305 constanter
862 2241 962 2303 fuisse
993 2241 1171 2303 barbatum.

426 2355 542 2435 Neque
565 2345 723 2408 dissident
745 2358 953 2406 monumenta
975 2344 1047 2408 aevi
1069 2341 1172 2404 seric-

427 2455 483 2515 ria
525 2452 700 2530 Comparet
728 2447 816 2509 enim
843 2443 931 2508 idem
959 2443 1110 2507 barbatus
1137 2445 1172 2506 in

428 2573 527 2616 numo
554 2570 658 2612 aeneo
680 2545 838 2609 Antonini
858 2547 924 2623 Pii,
957 2567 1055 2630 quem
1085 2545 1173 2608 dabi-

428 2677 499 2718 mus
519 2652 560 2716 ad
577 2671 695 2712 annum
713 2649 754 2713 V.
774 2647 810 2710 C.
827 2646 907 2728 tta3,
929 2659 996 2708 tum
1015 2661 1049 2710 et
1066 2646 1174 2709 inde·

428 2756 520 2820 nario
543 2748 724 2814 Pertinacis
750 2748 906 2830 inscripto
927 2749 1047 2812 IANO.
1070 2747 1174 2810 cott-

431 2855 618 2922 SEllVAT.
641 2852 685 2911 At
703 2850 816 2926 luere,
839 2862 977 2933 suntque
997 2851 1173 2912 etiamnum

429 2961 491 3024 viri
513 2955 694 3042 praeclari,
724 2951 780 3037 qui
800 2951 905 3034 capita
926 2951 1086 3016 imberbis
1107 2972 1175 3014 mo·

430 3077 525 3126 netae
550 3063 715 3120 Romanae
739 3053 780 3117 ad
806 3053 891 3116 hunc
915 3053 1045 3116 modurn
1068 3053 1176 3136 dispo-

350 3193 355 3202 ·
431 3167 490 3228 sita
512 3167 621 3226 lanum
645 3178 776 3242 quoque
804 3157 937 3233 disere,
968 3177 1077 3240 neque
1107 3155 1177 3216 inli-

431 3269 517 3341 eiar,
549 3283 586 3324 re
615 3260 760 3321 nondum
788 3260 863 3320 satis
891 3279 1035 3342 expensa
1063 3259 1096 3319 in
1124 3279 1176 3319 ea·

1061 547 1335 624 Fortunata

1227 720 1304 782 dum
1331 717 1429 786 rideo
1458 718 1555 782 etiam
1583 718 1743 802 placuisse
1767 723 1902 806 populis
1924 745 1977 788 er·

1227 823 1329 885 ternis
1358 820 1451 884 nullo
1480 833 1572 884 certe
1599 821 1641 884 ad
1664 823 1892 888 Romanorum
1921 848 1977 890 seu

1226 923 1440 1006 religionem,
1462 944 1521 984 seu
1538 923 1721 986 institutum
1738 941 1908 1010 respectu.
1944 931 1977 989 ln

1226 1025 1333 1086 nuruis
1361 1025 1593 1107 Syracusarum
1621 1025 1705 1088 duae
1735 1028 1897 1095 mulieres
1925 1053 1978 1093 sua

1226 1126 1273 1190 sic
1301 1126 1506 1189 committunt
1533 1127 1694 1210 occipitia.
1739 1129 1832 1192 ldem
1861 1131 1897 1192 in
1925 1153 1977 1192 nu·

1227 1249 1281 1290 mo
1309 1227 1560 1290 Atheniensium
1593 1243 1772 1310 argenteo,
1805 1246 1841 1294 et
1873 1233 1975 1298 obviis

1228 1327 1451 1390 Tenediorum
1491 1343 1656 1410 praestant
1691 1333 1742 1394 vir
1780 1333 1977 1418 mulierque.

1227 1431 1363 1493 Possem
1383 1429 1433 1491 his
1449 1428 1573 1491 addere
1588 1450 1705 1492 numos
1722 1433 1864 1518 llbegii,
1882 1437 1977 1498 Lem·

1227 1532 1275 1608 ni,
1308 1531 1552 1608 Atellanornm,
1583 1531 1641 1594 sed
1671 1553 1770 1616 quos,
1801 1538 1878 1620 quia
1901 1537 1978 1600 Gol-

1228 1632 1327 1696 tuieni
1353 1645 1447 1709 sunt,
1475 1653 1541 1694 uon
1560 1633 1676 1698 audio.
1721 1637 1759 1694 ln
1781 1637 1892 1699 numia
1915 1641 1978 1704 Vc·

1228 1736 1423 1796 lacernarum
1453 1734 1606 1797 Etruriae
1636 1736 1664 1796 ia
1694 1749 1791 1819 typus
1818 1738 1977 1822 frequens

1229 1837 1362 1919 gemino
1385 1836 1491 1916 capite
1512 1837 1653 1898 imberbi
1675 1837 1901 1905 coalescente.
1946 1845 1979 1902 ln

1229 1937 1384 2018 singulari
1404 1937 1552 2018 ejusdem
1573 1938 1663 2002 urbis
1681 1939 1767 2022 apud
1783 1939 1978 2024 Arigonium

1229 2053 1324 2121 eaput
1355 2037 1504 2102 imberba
1534 2061 1608 2104 cum
1636 2039 1772 2104 barbato
1806 2044 1979 2104 committi·

1229 2153 1282 2202 tur
1304 2143 1344 2220 ο).
1383 2139 1471 2232 Quid
1494 2141 1582 2223 quod
1606 2143 1725 2203 eodem
1747 2141 1848 2204 modo
1872 2145 1906 2204 in
1926 2165 1977 2208 ee·

1228 2242 1300 2302 neis
1333 2243 1439 2322 gentis
1472 2241 1616 2304 Rubriae
1656 2243 1840 2328 junguntur
1876 2247 1978 2330 capita

1229 2343 1401 2418 Herculis,
1423 2357 1456 2404 et
1478 2345 1646 2406 Mercurii.

1293 2446 1344 2506 Ex
1366 2445 1417 2508 lais
1437 2457 1587 2528 apparet,
1609 2446 1751 2510 alienum
1774 2448 1865 2512 hunc
1887 2471 1905 2512 a
1926 2472 1979 2513 ns·

1230 2558 1302 2608 tura
1324 2563 1450 2608 morem
1474 2561 1547 2614 eta
1573 2545 1723 2626 Graecis,
1752 2565 1787 2613 et
1811 2553 1977 2628 Etruscis,

1229 2661 1266 2710 et
1292 2649 1448 2710 Romania
1476 2648 1576 2712 luisse
1606 2663 1787 2732 acceptum.
1826 2655 1903 2718 Nou
1931 2677 1981 2718 rs·

1230 2761 1282 2812 eat
1303 2748 1487 2832 inquirere,
1520 2771 1659 2834 quoram
1682 2753 1872 2837 prodigium
1895 2755 1980 2819 istud

1231 2851 1365 2933 ingenio
1389 2850 1567 2914 'debentem
1611 2854 1781 2916 Praestitit
1809 2857 1899 2920 istud
1929 2879 1980 2922 co·

1232 2971 1302 3014 mes
1319 2953 1452 3032 Ceylus,
1479 2953 1536 3016 sed
1561 2973 1654 3016 more
1675 2955 1816 3037 quodam
1840 2979 1902 3020 suo
1923 2958 1980 3020 llu-

1232 3053 1363 3115 ctuavit.
1403 3054 1484 3138 Nasu
1505 3073 1580 3116 cnm
1603 3055 1681 3116 olim
1704 3055 1914 3124 conlidenter
1935 3061 1979 3120 di·

1233 3153 1349 3230 xisset,
1388 3156 1602 3220 Etruscarum
1632 3177 1705 3220 esse
1737 3159 1981 3242 anseprand),

1234 3268 1352 3316 mutata
1375 3269 1484 3319 mente
1506 3257 1588 3318 illud
1611 3259 1780 3342 Aegyptiis
1808 3275 2005 3346 acceptum·

432 3369 508 3429 dens
540 3383 592 3424 ane
620 3381 724 3443 usque
751 3359 849 3421 modo
877 3359 976 3422 luisse
999 3361 1175 3434 sententia,
1231 3349 1307 3430 ‚satis
1329 3357 1452 3434 serius,
1481 3358 1592 3422 oblato
1614 3360 1765 3422 nimirum
1790 3362 1853 3424 sibi
1875 3383 1982 3426 sacer·

434 3465 522 3554 quod
550 3475 685 3548 apparet
713 3481 755 3548 ex
784 3461 842 3538 iis,
882 3481 963 3543 quae
994 3461 1026 3520 in
1058 3461 1176 3522 eodem
1234 3457 1318 3518 dotis
1340 3457 1450 3540 sigillo
1469 3480 1573 3523 aeneo
1591 3461 1702 3545 operis
1720 3463 1875 3545 Aegyptii
1899 3465 1983 3528 binis

379 3605 385 3618 ν
435 3591 536 3654 opere
558 3565 635 3630 aiibi
657 3564 826 3648 professus
847 3583 917 3624 sum
941 3563 980 3642 ¹).
1016 3561 1177 3622 Nimirum
1235 3559 1393 3640 capitibus
1426 3561 1528 3623 ditato
1556 3565 1597 3642 e).
1642 3561 1781 3626 Omissis
1820 3563 1872 3628 bis
1906 3587 1982 3630 eon·

435 3693 508 3736 esse
527 3670 594 3732 lani
617 3668 683 3729 illis
705 3666 773 3732 visa
793 3677 866 3726 sunt
887 3663 989 3745 capita
1009 3663 1179 3738 imberbis,
1234 3661 1368 3745 jacturis
1406 3661 1493 3724 istud
1531 3663 1640 3747 potius
1676 3663 1863 3744 rideamus,
1905 3669 1983 3753 quid

437 3793 520 3858 quae
560 3781 634 3834 sunt
671 3771 704 3830 in
743 3785 843 3828 numo
883 3785 984 3828 aureo
1021 3765 1179 3848 inscripto
1235 3761 1350 3824 sasemis
1378 3763 1430 3824 his
1458 3763 1645 3848 bicipitibus
1671 3787 1689 3829 a
1719 3767 1886 3832 veteribus
1915 3769 1984 3834 iue-

299 3893 316 3901 ’
436 3876 585 3949 llOblA,
614 3873 703 3952 eujus
725 3869 844 3932 iterato
866 3889 883 3930 a
906 3859 958 3930 me'
981 3867 1075 3930 altius
1097 3865 1180 3930 facta
1236 3866 1280 3928 rit
1313 3865 1527 3932 intellectum.
1572 3867 1784 3950 Allegorism'
1810 3869 1851 3932 iis
1882 3870 1983 3936 luisse

438 3977 560 4042 mentio
580 3973 628 4055 b)‚
654 3988 687 4036 et
707 3973 748 4034 de
767 3991 831 4055 quo
851 3986 943 4054 agam
961 3969 1124 4051 copiosius
1144 3969 1179 4030 in
1237 3967 1411 4042 inclusam,
1443 3968 1494 4032 vel
1526 3989 1567 4032 ex
1594 3969 1633 4032 iis
1662 3983 1769 4053 patet,
1798 3992 1883 4056 quae
1905 3975 1984 4038 scai-

437 4080 543 4144 numis
565 4077 671 4162 gentis
695 4073 867 4148 veturiae,
900 4085 968 4135 tum
996 4091 1077 4154 quae
1106 4083 1180 4133 sunt
1237 4083 1349 4153 ptores
1371 4070 1509 4133 Romani
1542 4069 1583 4134 de
1613 4072 1691 4134 lano
1718 4093 1779 4136 suo
1807 4075 1983 4140 tradidere.

438 4185 471 4246 in
490 4179 714 4267 praesentibus
733 4177 767 4240 C.
782 4175 912 4238 Fonteii
933 4172 1085 4236 denariis.
1109 4173 1181 4239 Vua
1238 4173 1306 4234 Alii
1333 4169 1478 4234 effictum
1506 4171 1684 4236 bifrontem
1706 4173 1875 4254 dixerunt,
1910 4180 1983 4264 quia

439 4287 504 4348 illis
529 4281 615 4348 istud
643 4275 816 4344 adserendi
838 4277 921 4340 ratio
943 4275 1043 4338 luerit
1065 4273 1179 4335 modus
1238 4295 1255 4336 a
1278 4273 1419 4336 Saturno
1441 4275 1711 4356 praeteritorum,
1742 4289 1776 4338 et
1798 4277 1984 4344 futurorum

441 4389 580 4470 capitum
611 4383 651 4448 ad
683 4383 749 4444 lani
780 4399 907 4442 morem
939 4377 1180 4458 dispositorum.
1238 4375 1372 4438 scientia
1394 4375 1530 4438 donatus
1551 4375 1613 4440 luit
1634 4377 1675 4460 ¹).
1719 4379 1805 4456 Alii,
1835 4383 1925 4466 quod
1952 4383 1984 4444 ia

443 4493 482 4550 At
501 4507 580 4550 roro
597 4485 738 4550 eundem
756 4483 859 4566 capita
876 4481 924 4544 sic
940 4479 1097 4565 jungendi
1115 4499 1182 4542 mo·
1239 4476 1349 4540 medio
1386 4477 1579 4542 constitutus
1618 4501 1736 4544 aunum
1773 4481 1983 4568 incipientem

480 4718 731 4794 2)Vol‚1.p.9t.
822 4711 1088 4788 b)pag.3tet45.
1180 4703 1620 4778 c)Num.lletrnr.tabX111.
1712 4706 1983 4786 d)llec.d'rintiq.

442 4815 477 4873 Τ.
489 4811 525 4872 ll.
540 4828 570 4886 p.
581 4817 626 4872 81.
721 4803 753 4876 e)
772 4801 842 4862 Rcc.
857 4803 892 4863 Τ.
902 4801 952 4864 tv.
968 4821 999 4878 p·
1013 4811 1054 4868 16.
1144 4797 1170 4873 l')
1192 4795 1345 4856 Cedrcnus
1361 4815 1394 4852 ex
1409 4795 1515 4854 Dione.
