4254 5494
770 574 1060 658 r'ottntcrt.

722 873 1109 940 POBLICIA.

208 1081 298 1146 Gens
315 1073 457 1164 plebeis.
488 1071 680 1155 cognomen
697 1073 891 1136 Malleolus.
947 1070 1072 1134 aetates
1100 1069 1138 1133 ῑι.
1161 1069 1354 1149 Metellum,
1382 1072 1423 1138 A.
1447 1073 1619 1152 Albinum,
1658 1089 1692 1142 et

287 1182 325 1246 G.
343 1177 508 1242 Manna
528 1177 564 1240 C.
579 1175 618 1238 F.
654 1177 759 1255 Caput
777 1175 892 1237 Pulla·
948 1172 984 1236 C.
1007 1171 1207 1234 Malleolum.
1244 1171 1326 1264 Quis
1351 1174 1450 1237 [uerit
1475 1175 1527 1240 ltin
1554 1177 1591 1243 C.
1612 1179 1692 1242 Mal·

288 1285 341 1346 dis
362 1282 507 1354 alatum,
531 1293 618 1338 retro
635 1275 677 1338 X.
865 1329 872 1338 .
947 1275 1069 1350 leulns,
1093 1287 1126 1337 et
1144 1273 1215 1358 quis
1231 1276 1434 1358 reliquorum
1449 1291 1600 1362 typorum
1618 1301 1692 1344 sen·

136 1371 183 1452 Ἰ..
201 1383 284 1450 Ltc.
305 1382 373 1448 ΟΝ.
388 1378 500 1443 ΒΟΜ.
524 1378 620 1440 Mors
635 1377 743 1439 nudus
757 1379 794 1438 in
811 1379 891 1440 aitis
945 1397 1017 1452 aua,
1047 1376 1218 1439 incertum.
1255 1375 1314 1442 Via
1338 1378 1563 1460 conjecturas?
1591 1403 1689 1467 pasce
1778 1403 1785 1412 ·

143 1489 234 1571 bigis
259 1487 290 1548 d.
312 1485 445 1545 bustam
469 1483 654 1556 intorquet,
678 1500 705 1540 s.
726 1477 886 1560 elypeum,
944 1490 988 1540 te.
1001 1497 1042 1540 ex
1063 1477 1301 1559 Hatereampo.

143 1603 177 1652 et
196 1589 318 1650 lituum
335 1585 525 1646 militarent.
549 1579 631 1640 Sunt
645 1579 778 1655 serrati,
800 1591 834 1639 et
850 1579 886 1638 C.
1202 1623 1222 1662 ,
1304 1579 1324 1618 ³
1408 1627 1454 1666 Γ

208 1687 261 1752 De
277 1687 419 1752 denuiis
436 1681 594 1748 similibus
611 1681 675 1766 jam
691 1679 746 1764 egi
761 1679 795 1740 in
810 1679 889 1743 Coa-
944 1679 1091 1744 Poblieii
1107 1682 1237 1742 incerti.
1269 1737 1273 1744 .
1319 1699 1322 1708 ·

143 1789 250 1856 conia,
1093 1783 1201 1858 Caput
1218 1780 1376 1845 muliebre
1391 1785 1580 1864 galeatum,
1602 1809 1689 1871 pone

1088 1879 1228 1956 nortl,
1242 1903 1379 1965 superne
1394 1885 1496 1948 litera
1511 1887 1690 1968 alphabeti.

290 1993 400 2078 Caput
430 1989 589 2054 muliebre
620 1997 744 2050 teetuns
772 1985 891 2068 galea,
949 1984 985 2050 C.
1003 1981 1190 2050 POBLICI.
1210 1982 1253 2077 Q.
1268 1985 1307 2050 F.
1335 1985 1496 2050 Hercules
1513 2001 1609 2050 stans
1626 1989 1693 2052 leo·

288 2099 347 2160 eui
368 2113 507 2174 superne
530 2088 707 2152 malleolus
728 2090 893 2165 imminet,
951 2107 1024 2149 nesn
1039 2087 1190 2172 suffocat,
1209 2091 1246 2149 t'n
1263 2107 1344 2148 urea
1360 2107 1458 2150 araus
1472 2100 1506 2149 et
1520 2087 1690 2168 plsasetrts,

283 2197 385 2277 jussa
402 2193 445 2261 x.
949 2203 982 2252 et
1010 2191 1123 2250 eadem
1145 2189 1263 2266 litera,
1288 2207 1372 2269 quoe
1397 2191 1435 2254 in
1456 2191 1580 2253 antica.
1612 2189 1695 2253 Sunt

145 2299 182 2368 C.
196 2297 303 2365 ΗΑΒ.
326 2299 389 2361 Vis·
403 2298 512 2359 nudus
523 2304 619 2357 stans
630 2302 708 2354 unte
724 2303 893 2382 tropoputn
950 2291 1082 2368 serrati,
1104 2303 1138 2352 et
1157 2289 1194 2356 C.
1317 2349 1319 2357 ,

145 2405 179 2466 tl.
199 2401 334 2467 lsustans
355 2401 527 2460 deuterum
544 2396 659 2480 pedena
682 2395 815 2456 tlsosaoi
833 2397 893 2456 ins·
995 2429 1002 2441 ·
1090 2393 1136 2457 Μ.
1157 2389 1347 2458 PoBLtct.
1369 2391 1471 2461 Lm.
1494 2391 1596 2460 etto.
1622 2393 1690 2457 PR.

138 2505 261 2584 ponat,
282 2503 319 2562 in
337 2505 536 2580 area'prora
553 2497 666 2572 navis,
685 2499 744 2558 oui
761 2498 798 2558 in
813 2517 893 2558 non·
1093 2496 1199 2572 Gopnt
1219 2495 1379 2556 Palladis.

144 2601 253 2664 nullis
278 2601 351 2682 apis
371 2601 520 2670 insistit3
547 2600 584 2659 in
603 2597 774 2676 aliquibus
796 2618 832 2658 sa
855 2597 891 2663 C.
949 2595 1016 2659 CN.
1033 2593 1225 2661 MAGNVS.
1247 2593 1335 2655 tntu.
1369 2599 1542 2682 Pompeius
1562 2601 1615 2662 M.
1633 2621 1693 2681 pa·

144 2702 252 2767 MAL.
277 2700 478 2781 insculptum
504 2709 555 2761 est
573 2700 679 2762 cistae
696 2699 888 2780 quadratae.
946 2697 1087 2761 ludatur
1101 2715 1146 2760 eu
1163 2699 1244 2759 noui
1259 2699 1429 2780 egrediens
1439 2700 1588 2781 palsnam
1605 2707 1694 2764 acei-

144 2805 216 2870 ΑΒ,
232 2802 271 2869 c,
941 2801 1013 2884 pit,
1040 2819 1139 2878 quarn
1159 2801 1193 2861 ei
1208 2801 1367 2862 accedens
1382 2802 1503 2882 genius
1520 2803 1693 2866 muliebris

291 2905 400 2986 Caput
420 2899 596 2982 Apollinis
618 2901 826 2978 laureatum,
851 2903 888 2964 in
946 2901 1132 2982 Hispaniae
1158 2901 1224 2962 duo
1245 2901 1360 2978 jacula
1379 2911 1413 2961 et
1432 2901 1617 2984 clypeolurn
1641 2923 1693 2964 ro·

286 3003 456 3064 nonnullis
489 3002 592 3078 justu
627 3005 807 3082 seriptum:
847 3001 887 3062 1..
945 3001 1084 3062 tundam
1098 3011 1237 3081 gestans
1255 3001 1361 3084 afflare.
1382 2999 1453 3062 ΑΕ.
1470 3001 1510 3070 tt,

287 3101 454 3166 ME'I'EL.
473 3101 513 3166 A.
533 3101 632 3165 ΑΕΒ.
650 3099 685 3168 8.
699 3101 739 3166 F.
1009 3101 1061 3162 De
1082 3099 1194 3183 priore
1210 3101 1289 3162 item
1307 3099 1442 3164 denario
1460 3115 1550 3168 certa
1567 3103 1691 3168 adferri

145 3209 184 3274 C.
198 3205 305 3271 ΗΔΒ.
333 3207 458 3289 ligura
475 3206 649 3270 seminuda
665 3204 793 3288 clypeis
808 3201 890 3264 insi·
945 3221 1012 3266 non
1033 3215 1178 3286 possunt.
1210 3203 1306 3264 Alter
1325 3203 1504 3268 secundum
1522 3220 1692 3290 receptam

141 3313 222 3374 dans
245 3311 277 3372 d.
295 3309 428 3370 laustans
443 3307 607 3388 pendente
622 3305 669 3368 ud
687 3309 778 3369 latus
791 3324 891 3387 paru·
947 3303 1247 3387 opinionem‘aistit
1269 3305 1315 3368 td.
1335 3304 1519 3374 Publicium
1545 3310 1690 3396 legatum

143 3415 241 3476 aonio
259 3423 477 3474 coronatura
495 3407 650 3470 Victoria
666 3418 755 3470 retro
768 3419 889 3484 stante,
946 3421 1162 3492 propraetore
1184 3403 1244 3467 snb
1265 3407 1426 3492 Pompejo
1447 3413 1514 3489 M„
1547 3427 1581 3477 es
1608 3415 1690 3478 indi.

143 3515 180 3577 in
198 3517 266 3576 into
284 3509 425 3574 ROMA.
447 3507 573 3576 ΔΜ.
947 3522 999 3572 cat
1031 3521 1126 3591 typus
1158 3507 1301 3572 eandem
1326 3509 1520 3596 Pompeium
1546 3537 1565 3578 a
1591 3517 1688 3598 genio

205 3615 244 3676 ln
270 3613 383 3696 priora
407 3611 543 3674 denario
567 3607 790 3676 observandus
811 3607 890 3672 mal·
945 3611 1121 3695 Hispaniae
1150 3609 1293 3694 benigne
1323 3629 1517 3698 exceptam,
1550 3635 1625 3678 enm
1661 3619 1689 3680 ia

145 3715 254 3780 laolna
274 3713 446 3778 manifeste
469 3711 511 3776 ad
535 3731 721 3797 cognomen
740 3709 889 3774 Malleoli
945 3711 986 3776 ad
1007 3711 1237 3776 debellandum
1256 3713 1439 3778 Sertorium
1459 3737 1502 3778 eo
1522 3719 1689 3799 profectus

144 3817 314 3882 adludens.
344 3815 451 3910 Quam
471 3814 538 3876 dixi
558 3815 670 3878 eistam
690 3812 888 3898 quadratam,
946 3827 1011 3894 est,
1028 3814 1088 3880 sed
1104 3837 1199 3900 qnam
1213 3817 1405 3880 sententiam
1423 3817 1555 3881 uberius
1569 3839 1689 3904 espess-

144 3919 295 3984 incudem
326 3917 437 3980 statuit
466 3917 727 3999 Hareroampns,
767 3933 888 3998 nempe
946 3916 1061 3982 demus
1075 3919 1108 3979 in
1122 3919 1287 4003 Pompeia.
1305 3919 1418 3982 Simile
1432 3919 1504 3984 iere
1518 3941 1688 4004 argumen-

144 4041 218 4084 cam
254 4041 316 4104 qun
353 4031 539 4104 opportune
573 4019 689 4102 jungas
724 4017 888 4082 malleum.
945 4033 1014 4084 tam
1041 4021 1140 4087 habet
1162 4041 1275 4090 aversa
1298 4041 1470 4086 numeram
1497 4027 1541 4089 tt.
1564 4025 1687 4088 Minatii

143 4121 305 4190 Denarius
325 4121 410 4193 alter
432 4119 564 4190 videtur
586 4118 710 4188 offerre
733 4132 802 4184 tres
822 4139 890 4184 mo·
946 4121 1069 4188 Sabini.

735 4399 1092 4466 POMPEIA.

205 4601 294 4666 Gens
315 4599 457 4686 plebeia.
488 4599 691 4685 Cognomina
711 4599 744 4662 in
766 4601 888 4670 numist
948 4605 1140 4670 Faustulus.
1439 4687 1444 4698 ¹

141 4705 339 4784 Faustulus,
363 4703 528 4801 Magnus,
553 4705 647 4780 Pius,
675 4704 792 4788 linsus.
1090 4709 1194 4790 Caput
1210 4706 1362 4771 Palladis
1377 4705 1517 4787 ululant,
1531 4731 1690 4794 praepes

329 4813 335 4825 “
398 4849 417 4888 ,
503 4803 523 4842 ⁴*
607 4851 625 4886 ,
1087 4809 1133 4886 X,
1153 4828 1237 4891 pone
1260 4829 1387 4876 urceus.
