4180 5484
789 553 1069 630 lelNEiA.

741 887 1119 984 circuere

219 1123 310 1188 Gens
325 1120 469 1210 plebeia.
508 1118 711 1208 Cognomina
726 1121 760 1186 iu
777 1122 903 1188 uumiss
962 1141 1043 1186 aare
1060 1121 1128 1205 typi
1157 1121 1360 1201 Massiliam,
1393 1123 1564 1212 inquibus
1591 1145 1701 1192 exara·

162 1225 331 1308 Regulus,
357 1225 490 1290 Gallus.
962 1236 1031 1286 tum
1047 1223 1085 1284 P.
1104 1221 1144 1286 R.
1192 1224 1316 1290 Verum
1346 1225 1379 1288 in
1403 1226 1507 1291 tribus
1528 1227 1701 1314 integerri-

520 1341 540 1381 ι
960 1325 1022 1388 mis
1044 1325 1149 1388 mosei
1165 1325 1316 1388 Caesarei
1335 1339 1385 1389 eat
1405 1328 1473 1402 Pii.
1497 1327 1567 1392 siae
1591 1329 1701 1394 madio

164 1429 323 1512 Regulus.
417 1387 438 1426 ⁸
623 1389 644 1428 ⁶
960 1439 1094 1513 puncto.
1158 1423 1321 1520 Quocirca
1369 1427 1546 1507 legendum
1593 1431 1701 1518 potios

302 1525 571 1598 LREGVLVS.
598 1527 667 1594 Pii.
707 1527 815 1611 Caput
845 1545 903 1590 nu·
958 1527 1123 1591 PRoesor.
1175 1527 1386 1611 Epigraptten
1420 1549 1553 1594 avenae
1590 1531 1704 1614 legen·
1775 1551 1779 1558 “

302 1631 555 1707 causaberis,
584 1631 696 1712 (saepe
721 1630 813 1692 obest
839 1631 905 1710 epi·
961 1628 1035 1692 (lam
1052 1627 1272 1694 REGVLVS.
1307 1629 1435 1706 Filius,
1457 1643 1491 1694 ct
1505 1629 1643 1696 indicari
1659 1634 1700 1698 L.

300 1731 445 1814 groplsc)
465 1731 500 1792 iu
519 1730 604 1794 alio:
631 1731 737 1812 Capul
749 1729 906 1810 juvenile,
961 1728 1083 1813 Reguli
1097 1727 1258 1812 praetoris
1280 1727 1402 1806 lilium,
1424 1729 1556 1794 dubium
1572 1753 1640 1795 nou
1656 1735 1702 1798 si·

303 1852 390 1912 posse
409 1844 585 1914 sceptrum.
963 1831 1070 1896 detur.
1107 1829 1166 1892 Sic
1185 1842 1219 1891 et
1239 1829 1272 1891 in
1294 1829 1401 1892 numia
1425 1834 1530 1914 gentis
1547 1833 1701 1900 Valeriae
1747 1901 1751 1914 ,

163 1929 689 2000 L.L1V1NE1VS.REGV1.VS.
734 1931 826 1996 Sella
853 1951 907 1994 cu·
962 1932 1085 2016 legitur
1102 1929 1287 1992 Massam
1310 1931 1348 1994 F.
1382 1931 1428 1992 Hi
1446 1951 1528 2015 ergo
1550 1935 1640 1996 numi
1662 1935 1704 1996 si·

165 2033 268 2110 ruiis,
289 2033 368 2094 lsino
383 2046 418 2096 et
441 2033 539 2096 illino
555 2047 623 2097 tres
635 2035 752 2116 soecos
768 2037 839 2096 sisae
858 2055 908 2096 se·
963 2031 1053 2118 gnati
1078 2043 1152 2093 suut
1176 2030 1216 2092 ab
1241 2050 1283 2094 eo
1307 2031 1347 2094 L.
1370 2033 1518 2114 Regulo,
1556 2035 1626 2120 qui,
1666 2052 1703 2100 ut

167 2132 905 2220 caritas.tv.(Pambroet.)1uutn.att.C.
963 2131 1106 2196 additum
1131 2131 1289 2197 PRAEF.
1315 2131 1386 2200 VR.
1408 2134 1528 2212 innuit,
1566 2155 1610 2200 ex
1636 2137 1703 2202 Ha·

309 2236 415 2318 Caput
431 2237 530 2300 idam.
962 2234 1128 2315 rcrcampi
1155 2233 1315 2296 sententia
1340 2233 1402 2296 iuit
1430 2255 1513 2298 unus
1541 2255 1583 2298 ex
1611 2259 1704 2321 prac-

162 2339 201 2402 L.
215 2333 436 2406 REGVLVS.
468 2337 547 2400 Duo
567 2336 735 2400 luctantes
750 2357 824 2400 oum
843 2337 907 2400 leo·
962 2333 1059 2398 lectis
1085 2334 1196 2414 urbis,
1228 2355 1310 2418 quos
1334 2336 1360 2399 1.
1386 2335 1506 2399 Caesar
1528 2335 1562 2398 iu
1588 2339 1705 2422 Hispa·

167 2461 225 2516 sse,
247 2439 389 2520 tigrida,
409 2449 516 2501 teuto.
540 2435 610 2498 AR.
629 2435 668 2504 C.
963 2435 1033 2500 nias
1050 2435 1217 2519 proiectus
1234 2435 1268 2496 iu
1286 2433 1367 2497 urhe
1379 2437 1578 2521 reliquerat,
1598 2453 1634 2502 ut
1650 2462 1703 2505 re·

311 2539 419 2616 Caput
437 2537 535 2600 idem.
964 2537 1031 2601 fert
1051 2539 1116 2601 Dio
1136 2537 1182 2620 ¹),
1214 2535 1333 2621 quique
1351 2535 1401 2620 jus
1419 2538 1574 2602 lictorum
1590 2555 1627 2605 et
1641 2537 1706 2606 sel·

165 2641 206 2706 L.
221 2636 454 2708 LIV'INEIVS.
471 2636 689 2708 REGVLVS.
707 2637 908 2701 Modisssiu·
964 2638 1016 2702 lae
1038 2637 1161 2702 curulis
1191 2637 1253 2702 sibi
1285 2653 1511 2722 sumpserunt,
1542 2653 1579 2704 ut
1608 2641 1705 2726 hujus

168 2741 449 2822 terduosspioos.
470 2737 542 2802 AR.
559 2738 598 2805 C.
761 2760 767 2778 ¹
965 2760 1096 2825 quoquc
1125 2739 1246 2823 Reguli
1273 2741 1362 2804 numi
1391 2741 1514 2806 dooere
1541 2722 1704 2820 vitientur,

232 2841 422 2904 Restitutus
439 2845 542 2903 esicus
557 2861 579 2902 u
596 2839 747 2914 Troiano.
782 2841 908 2926 (Thou
964 2863 1059 2926 quam
1082 2839 1301 2923 conjecturam
1325 2840 1459 2905 uberius
1478 2845 1636 2928 proposui
1654 2867 1706 2908 su·

159 2939 417 3026 pollutrum.
696 2935 699 2940 ’
862 2991 866 3004 .
965 2964 1023 3026 pra
1037 2943 1071 3002 ia
1082 2941 1199 3016 Gestis,
1215 2941 1277 3003 nisi
1289 2942 1375 3004 lorte
1390 2945 1443 3007 hio
1457 2957 1552 3027 typus
1565 2945 1599 3006 iu
1611 2967 1705 3029 prae·

307 3041 348 3106 L.
359 3037 579 3108 REGVLVS.
597 3040 664 3104 Pii.
695 3041 801 3124 Capul
812 3045 907 3106 idem.
965 3041 1110 3106 sentibus
1141 3041 1282 3104 denariis
1314 3043 1424 3106 serius
1452 3043 1493 3106 asi
1519 3059 1705 3128 praeturam

167 3141 386 3213 REGVLVS.
410 3143 451 3209 F.
466 3141 624 3212 PRAEF·
647 3142 718 3210 VR.
747 3144 838 3208 Solio
855 3165 910 3208 ou·
963 3141 1065 3228 patris
1087 3141 1208 3224 Reguli
1233 3141 1392 3226 pertinet,
1419 3145 1594 3230 praecipue
1618 3149 1707 3232 quod

173 3247 275 3324 ralis,
301 3263 398 3326 super
417 3263 483 3324 quo
501 3263 642 3320 corono,
668 3245 748 3308 lss'sso
763 3259 797 3314 et
810 3249 910 3311 illinc
965 3243 1071 3307 iasoes
1088 3241 1257 3305 securibus
1284 3257 1413 3322 carent,
1437 3265 1515 3330 quas
1541 3264 1708 3332 aprseto·

161 3347 278 3430 fasces
296 3345 369 3408 sine
380 3345 561 3410 securibus.
582 3346 653 3411 AR.
666 3347 743 3417 ABR.
968 3365 1041 3408 rum
1058 3341 1263 3426 *urbanorum
1287 3343 1429 3410 fascibus
1447 3347 1588 3415 abluisse
1608 3351 1708 3416 siooet

316 3447 422 3530 Caput
441 3445 471 3508 I.
490 3447 663 3526 Caesaris,
679 3469 762 3530 prce
778 3469 842 3529 quo
858 3469 912 3512 oo·
970 3443 1183 3531 spanhemius
1196 3443 1241 3530 b).
1263 3447 1454 3516 Venetianis
1470 3462 1548 3535 typo
1565 3451 1708 3518 indican-

311 3549 452 3625 duceus,
470 3569 556 3630 posse
571 3562 686 3612 somus
702 3549 802 3614 lauri.
969 3563 1023 3610 tur
1037 3548 1124 3612 forte
1149 3547 1317 3633 magnilica
1334 3569 1504 3616 muneras
1525 3555 1551 3618 1.
1569 3553 1708 3617 Caesare

172 3647 914 3720 1..L1v1NE1v8.nEGv1.vs.Boss.-smu·
970 3649 1068 3717 edita.
1107 3651 1249 3714 Taurum
1273 3649 1364 3713 nomi
1385 3654 1544 3735 postremi
1568 3655 1709 3738 explicat

169 3767 261 3840 peto.
284 3753 354 3817 AR.
371 3751 412 3838 R.
968 3753 1213 3835 Haseroampus
1240 3772 1282 3814 ex
1306 3752 1416 3816 Plinio
1446 3751 1606 3834 docente,
1642 3757 1709 3841 pri·

237 3856 282 3922 Vt
298 3865 425 3918 costum
442 3867 509 3930 est,
538 3866 635 3938 caput
656 3852 797 3932 anticas,
825 3853 913 3939 quod
968 3875 1057 3917 mum
1076 3855 1249 3918 Caesarem
1268 3854 1395 3918 Romae
1415 3855 1635 3940 spectaculum
1653 3857 1711 3922 sle·

174 3972 225 4022 est
238 3959 272 4020 ia
290 3955 342 4019 his
357 3955 481 4033 numia,
510 3974 585 4020 esse
604 3955 790 4020 vetustioris
808 3957 913 4038 cujus·
970 3957 1056 4021 disse
1073 3953 1307 4026 Thessalorum
1324 3967 1435 4020 tauros
1456 3957 1538 4021 mira
1556 3971 1627 4022 arte
1652 3979 1710 4023 ea·

172 4059 260 4146 piam
273 4057 419 4144 Reguli,
444 4057 490 4120 ita
517 4057 589 4140 quis
611 4056 665 4120 hic
679 4056 912 4142 fuerit,'plaue
970 4060 1110 4126 cautium
1124 4059 1165 4140 ⁰).
1178 4087 1182 4096 ·
1196 4057 1323 4124 Verum
1344 4054 1433 4120 isiem
1455 4057 1509 4122 hic
1530 4071 1625 4143 typus
1644 4060 1710 4125 ire·

172 4163 354 4248 ignoratur.
404 4159 558 4243 Micelae
599 4158 711 4223 literas
742 4159 812 4224 PR.
848 4161 915 4224 Ha·
971 4181 1074 4248 quens
1091 4171 1142 4226 est
1159 4155 1257 4222 etiam
1273 4158 1307 4220 iu
1325 4160 1432 4224 numia
1446 4159 1595 4246 Augusti.
1743 4169 1746 4178 ’

171 4283 365 4348 sarcampus
392 4261 552 4349 legendas
574 4274 705 4326 censete
734 4259 915 4326 Parasite·
990 4253 993 4262 ’
1228 4305 1249 4344 ,
1331 4259 1352 4298 “
1434 4309 1455 4348 ,

169 4367 264 4451 guli,
289 4377 465 4450 propterea
487 4361 628 4450 quodie
652 4381 768 4429 arena
791 4360 914 4446 legitur
1090 4363 1127 4429 0.
1139 4361 1319 4428 CAESAR.
1334 4361 1466 4433 mvsn.
1483 4365 1524 4431 tt.
1537 4363 1575 4428 Ρ.
1593 4363 1630 4431 C.
1651 4365 1712 4432 Cu·

172 4465 392 4538 suumve.
421 4467 541 4533 rsus..
586 4468 623 4530 ss
649 4438 799 4532 esseest
822 4463 915 4529 issa·
1088 4479 1151 4550 pus
1176 4461 1354 4532 caesareas
1380 4469 1506 4532 mous..
1526 4467 1711 4534 carcasum.

215 4784 246 4857 a)
264 4781 508 4857 immittas·
583 4773 619 4846 b)
638 4780 761 4861 clip.
773 4785 833 4848 1⁰6·
849 4800 911 4860 seq.
985 4779 1262 4858 s)1..V111.c.so·
1396 4873 1426 4936 G

1450 4885 1513 4958 εὖ
