4180 5484
773 605 1002 686 chovlrt.
1270 694 1274 702 ,
1384 608 1387 619 ’
1586 627 1654 692 tta

111 795 212 853 cero,
242 771 384 852 PIIniua,
414 785 449 837 et
473 773 547 843 Val.
575 773 753 852 Maximae,
782 795 858 859 per·
915 789 1027 842 contra
1045 777 1139 863 leger
1156 775 1407 862 triumphantem
1428 777 1655 844 adreranatri·

111 875 249 942 tinniate
276 889 386 940 autent
408 875 450 940 nd
469 875 595 940 aediles
616 877 787 941 celebrare
809 878 858 940 ln·
914 879 1036 944 bunum
1057 879 1102 964 pl.
1122 901 1197 943 eum
1220 899 1261 944 ex
1283 901 1382 944 carru
1401 879 1578 947 detrahere
1600 901 1655 965 pe·

111 975 175 1042 dor
198 973 350 1054 Cererii,
371 976 505 1055 Liberi,
536 977 693 1056 Liberae,
716 979 855 1058 Florae,
913 995 1039 1044 rantem
1056 981 1220 1066 religione
1234 980 1356 1064 objecti
1371 983 1522 1070 corporia
1543 981 1655 1046 deien-

112 1079 220 1156 loria,
258 1078 407 1156 Iunonia,
447 1077 637 1156 Minervae,
680 1093 716 1142 nt
757 1079 856 1144 docet
914 1081 962 1146 dit
980 1084 1021 1150 V.
1038 1083 1075 1148 C.
1093 1083 1151 1145 itta
1171 1083 1212 1164 e).

109 1183 185 1266 ipae
215 1181 334 1246 Cicero
357 1179 398 1262 ⁸).
447 1180 563 1244 Liceat
593 1179 634 1244 ab
667 1179 719 1242 hia
748 1180 856 1246 diren-
1165 1180 1187 1268 ',
1270 1183 1290 1220 ⁹

111 1282 353 1370 aumaentire,
382 1299 456 1344 cnm
486 1281 618 1366 dignior
647 1279 711 1348 alia
739 1301 855 1358 canae,
914 1281 1077 1347 Claudias
1094 1286 1254 1353 incertas.

111 1385 247 1468 quaein
271 1383 378 1469 gentis
395 1381 495 1446 daona
514 1381 741 1466 praedicetur,
762 1403 856 1468 prae·
1056 1383 1164 1470 Caput
1191 1385 1328 1467 Dianae
1351 1405 1426 1449 cum
1447 1387 1608 1470 pharetra
1622 1400 1654 1449 et

113 1501 168 1550 ato
197 1487 251 1552 ait.
294 1485 431 1550 Credam
460 1499 585 1567 polana,
616 1483 726 1547 adludi
755 1484 794 1547 ad
816 1483 853 1549 C.
1055 1503 1154 1562 mett,
1170 1485 1272 1562 juata
1292 1485 1327 1550 S.
1343 1485 1384 1554 C.

113 1587 288 1652 claudium
306 1588 529 1663 Centhonem,
557 1605 622 1671 qno
642 1585 797 1664 contule,
822 1599 857 1648 et
914 1591 969 1655 TI.
986 1587 1145 1656 GLAVD.
1165 1587 1273 1652 ΤΠ.
1290 1585 1358 1648 ΛΡ.
1373 1587 1413 1651 N.
1449 1587 1604 1651 Victoria
1618 1590 1656 1650 ia

112 1690 245 1773 collega
263 1689 458 1773 Sempronio
475 1685 620 1750 Floralia
642 1687 759 1769 peragi
781 1707 858 1751 coc-
915 1691 993 1753 citis
1015 1690 1104 1772 bigis
1125 1689 1157 1750 d.
1179 1688 1346 1765 lauream,
1378 1707 1406 1755 r.
1428 1689 1593 1773 palmam,
1617 1691 1655 1751 ira

113 1805 170 1875 pta
191 1803 282 1868 aunt,
312 1789 354 1852 de
375 1809 440 1874 qno
460 1787 555 1866 ride,
587 1807 669 1874 qnae
688 1787 782 1871 plura
801 1809 858 1852 no·
914 1808 996 1851 area
1025 1801 1124 1850 notae
1162 1789 1413 1870 arithmeticae,
1450 1804 1507 1854 tate
1548 1788 1653 1855 XXV.

113 1887 193 1955 taho
209 1890 243 1951 in
264 1905 361 1974 gente
380 1889 531 1956 Servilia.
914 1889 1033 1954 XXXI.
1056 1889 1187 1968 CXXI„
1208 1892 1312 1954 etiam
1330 1892 1446 1952 addito
1460 1893 1506 1970 A,
1529 1903 1586 1953 at:
1614 1891 1656 1953 Δ.

176 1995 271 2075 Tppo
286 1991 426 2058 Vestalis
449 1989 594 2054 cedentia
617 1981 775 2053 recolitur
792 2007 861 2052 me·
915 1991 958 2054 X.
978 2024 1023 2039 —
1041 1989 1082 2052 A.
1103 1991 1232 2057 XV.-
1247 1995 1288 2060 A.
1307 1991 1452 2058 CXXIII.
1490 1992 1574 2055 Sunt
1590 2011 1659 2056 ter·

116 2093 223 2156 moria
243 2092 397 2156 Claudiae
419 2092 580 2168 Veatalla,
611 2091 673 2152 etai
694 2091 772 2154 acini
792 2111 859 2153 non
915 2089 978 2154 rati
994 2111 1126 2170 omnca,
1149 2105 1183 2154 et
1199 2091 1236 2156 C.

116 2194 239 2280 poerit,
261 2195 364 2280 qualia
386 2193 589 2278 intelligatur
609 2191 759 2268 Claudia,
780 2213 859 2256 nam
979 2191 1055 2260 Viri
1081 2190 1199 2256 eruditi
1225 2192 1378 2277 Pighiana
1407 2193 1513 2259 aecnti
1543 2192 1657 2258 obviae

120 2297 204 2360 duae
234 2311 328 2359 erant
354 2299 389 2360 in
420 2295 481 2360 hac
503 2307 602 2378 gente
624 2292 794 2377 praeclaro
816 2296 862 2358 sa·
918 2291 979 2356 boa
1001 2293 1152 2358 denarioa
1174 2292 1323 2359 reserant
1345 2295 1386 2358 ad
1407 2294 1459 2358 Ti.
1477 2293 1659 2371 Claudium,

116 2416 170 2466 cto
184 2397 339 2483 inriguae.
368 2399 441 2465 Vna
459 2395 581 2490 Quinta
601 2394 755 2473 Claudia,
777 2416 859 2479 quae
917 2395 975 2481 qui
1002 2395 1045 2463 V.
1068 2395 1104 2459 C.
1126 2397 1191 2471 504
1220 2409 1375 2480 quaestor
1403 2395 1554 2474 Siciliae,
1584 2416 1659 2459 cntn

116 2501 226 2564 navim
247 2519 321 2564 cnm
343 2499 450 2562 'tacria
471 2499 586 2561 Maecia
617 2495 734 2560 Idaeae
754 2498 861 2560 Pesci-
918 2499 1003 2561 male
1039 2509 1152 2561 contra
1184 2498 1315 2561 Poeno·
1348 2511 1525 2582 pugnaturn
1559 2511 1658 2578 earet,

116 2615 219 2666 nante
259 2601 432 2673 adrectae,
475 2619 549 2664 cum
591 2585 860 2664 vado'TIberino
918 2598 960 2664 ad
996 2595 1193 2682 reparandae
1232 2617 1288 2661 rea
1325 2599 1469 2684 perditae
1509 2619 1659 2684 magnam

118 2703 333 2780 adhaereret,
366 2700 512 2784 Implexo
546 2699 679 2782 cingulo
711 2699 746 2762 in
775 2695 860 2766 vitae
917 2699 1076 2786 pecuniae
1105 2699 1169 2764 tim
1197 2717 1239 2761 ex
1269 2701 1305 2767 S.
1326 2701 1364 2765 C.
1391 2701 1587 2788 signaverit,
1626 2713 1661 2764 ct

116 2805 302 2890 inculpatae
334 2801 556 2866 testimonium
578 2804 715 2866 Romam
747 2799 863 2868 adver·
918 2803 1050 2887 quidem
1083 2801 1118 2864 in
1153 2800 1285 2880 Sicilia,
1321 2801 1410 2887 qaod
1442 2800 1556 2865 anadet
1585 2801 1662 2864 Dia·

119 2929 158 2974 to
181 2905 315 2970 flumine
336 2903 491 2982 deduxit,
513 2901 601 2990 quod
622 2901 744 2966 iactant
764 2905 805 2974 V.
825 2905 861 2967 C.
917 2924 978 2968 mae
999 2917 1105 2988 typus.
1147 2901 1194 2964 ha
1221 2923 1303 2968 vero
1325 2916 1445 2967 tantatn
1467 2915 1605 2967 aetatem
1625 2902 1662 2964 bi

121 3011 197 3090 ⁵49.
241 3005 327 3074 Vide
358 3017 493 3089 praeter
511 3007 642 3072 Livium
666 2999 751 3070 bane
773 3004 864 3068 iabu-
919 3005 1046 3071 denarii
1067 3015 1159 3068 certe
1181 3023 1248 3066 non
1270 3003 1478 3087 praeierant,
1500 3016 1534 3066 et
1551 3002 1660 3086 potina

122 3110 187 3172 lana
206 3107 271 3171 late
291 3105 554 3185 describentem,
572 3121 606 3172 et
625 3105 713 3194 qnod
730 3105 864 3183 miram,
921 3105 1087 3192 posterior
1102 3105 1219 3189 aliquia
1238 3101 1661 3188 Claudiumiurcatigandur,

121 3211 220 3274 etiarn
252 3207 461 3286 credentem,
502 3209 669 3293 aliaeque,
705 3206 862 3271 lulianum
923 3207 1010 3294 qnod
1026 3225 1146 3292 operae
1160 3205 1232 3268 aliia
1249 3203 1414 3293 permitto.

121 3313 208 3396 Aug.
224 3307 269 3391 a),
305 3311 431 3373 'I'amen
452 3324 544 3388 aunt,
566 3309 706 3394 demptio
726 3308 864 3373 nonnul·
1178 3293 1183 3306 ’
1281 3372 1300 3410 ο

121 3413 165 3476 lia
185 3411 312 3498 poetis,
341 3429 407 3472 non
429 3409 524 3493 pauci
545 3433 588 3476 ex
607 3409 775 3478 veteribus
807 3410 864 3496 qni
1175 3421 1195 3460 ⁸
1381 3419 1403 3456 a

122 3533 194 3578 earn
223 3532 289 3576 non
310 3511 497 3591 Veatalem,
528 3510 589 3576 aed
615 3523 794 3577 matronam
815 3511 863 3572 di·
981 3513 1049 3576 ΔΡ.
1065 3511 1251 3589 CLaudias,
1267 3507 1489 3588 attentius,
1511 3509 1542 3603 Q
1561 3511 1664 3580 vlt:-

119 3635 215 3680 xere.
267 3613 354 3680 Vide
388 3613 553 3679 rariornnt
585 3627 679 3680 notae
707 3611 749 3679 ad
776 3611 863 3677 Livii
920 3615 962 3679 de
980 3615 1096 3700 quibua
1114 3612 1190 3680 ride
1208 3626 1323 3699 genter
1338 3610 1509 3691 IIanliam,
1528 3625 1561 3676 ct
1577 3616 1663 3678 Mar·

120 3717 162 3783 t..
181 3715 301 3779 XXIX.
330 3735 360 3782 c.
381 3724 428 3792 th.
470 3714 603 3796 attera,
632 3733 716 3802 qaae
735 3727 861 3801 patrem
921 3717 1013 3780 ciam.

1374 1229 1394 1270 ἢ

727 4011 1060 4118 οιονιᾼ.

186 4211 279 4276 Gena
295 4213 435 4298 plebeia.
624 4287 631 4304 ἣ
920 4213 1023 4276 darae
1043 4215 1152 4293 capite
1171 4209 1359 4274 horrentem
1376 4221 1409 4273 ct
1430 4229 1491 4274 rec
1510 4207 1661 4287 hastilia,

267 4314 447 4380 CAESAR.
464 4315 551 4384 mc.
572 4315 673 4382 TER.
699 4317 865 4378 »Protomc
921 4313 1016 4378 hami
1032 4331 1173 4394 serpens.
1195 4311 1265 4377 ΑΕ.
1284 4311 1325 4378 11.
1346 4309 1382 4376 C.

266 4419 454 4494 Victoriae,
471 4439 559 4501 porte
576 4433 714 4482 astrum.
984 4415 1126 4478 Nnmntn
1141 4413 1228 4477 bunc
1244 4433 1354 4477 cneum
1372 4411 1471 4476 fniaae
1489 4411 1529 4481 V.
1540 4415 1575 4482 c.
1585 4419 1659 4500 708,

122 4517 162 4586 C.
182 4516 330 4588 CLOVI.
348 4517 503 4586 PRAEF.
527 4521 643 4586 Pallas
658 4519 818 4603 gradiens
833 4517 865 4580 d.
921 4513 1130 4598 probabimur
1173 4516 1216 4578 *in
1264 4529 1394 4580 moneta
1440 4519 1465 4580 l.
1503 4517 1659 4582 Caesarie.

121 4635 293 4706 tropaeum
307 4641 404 4704 super
422 4623 566 4698 humero,
585 4643 612 4686 s.
628 4621 779 4705 clipeum
793 4620 866 4683 Me·
921 4615 986 4682 Hic
1007 4617 1126 4682 eodem
1155 4615 1218 4681 hoc
1245 4637 1328 4681 anno
1355 4617 1502 4683 Dictator
1520 4621 1574 4684 III.
1604 4612 1658 4683 ad-

124 4751 1651 4794 wm-

160 4847 339 4924 a)I..V.in
353 4849 536 4914 verram.
608 4849 647 4922 b)
666 4847 914 4926 Orat.V.p.159.
986 4849 1018 4922 c)
1038 4845 1363 4911 vat.ttax.t..t.c.t.
