<?xml version="1.0" encoding="UTF-8"?>
<!DOCTYPE html PUBLIC "-//W3C//DTD XHTML 1.0 Transitional//EN"
    "http://www.w3.org/TR/xhtml1/DTD/xhtml1-transitional.dtd">
<html xmlns="http://www.w3.org/1999/xhtml" xml:lang="en" lang="en">
 <head>
  <title>
</title>
<meta http-equiv="Content-Type" content="text/html;charset=utf-8" />
  <meta name='ocr-system' content='tesseract 3.04.00' />
  <meta name='ocr-capabilities' content='ocr_page ocr_carea ocr_par ocr_line ocrx_word'/>
</head>
<body>
  <div class='ocr_page' id='page_1' title='image "./doctrinanumorum01millgoog_0140.png"; bbox 0 0 4184 5500; ppageno 0'>
   <div class='ocr_carea' id='block_1_1' title="bbox 772 585 1680 668">
    <p class='ocr_par' dir='ltr' id='par_1_1' title="bbox 772 585 1680 668">
     <span class='ocr_line' id='line_1_1' title="bbox 772 585 1680 668; baseline 0.004 -6"><span class='ocrx_word' id='word_1_1' title='bbox 772 585 1029 662; x_wconf 71' lang='lat' dir='ltr'><strong>acutula.</strong></span> <span class='ocrx_word' id='word_1_2' title='bbox 1602 601 1680 668; x_wconf 74' lang='lat' dir='ltr'><strong>tta</strong></span> 
     </span>
    </p>
   </div>
   <div class='ocr_carea' id='block_1_2' title="bbox 67 755 1684 3604">
    <p class='ocr_par' dir='ltr' id='par_1_2' title="bbox 67 755 1684 3604">
     <span class='ocr_line' id='line_1_2' title="bbox 131 755 1674 843; baseline 0 -22"><span class='ocrx_word' id='word_1_3' title='bbox 131 759 182 824; x_wconf 86' lang='lat' dir='ltr'><strong>nia</strong></span> <span class='ocrx_word' id='word_1_4' title='bbox 200 779 276 824; x_wconf 89' lang='lat' dir='ltr'><strong>uum</strong></span> <span class='ocrx_word' id='word_1_5' title='bbox 294 755 480 822; x_wconf 81' lang='lat' dir='ltr'><strong>Aristonico</strong></span> <span class='ocrx_word' id='word_1_6' title='bbox 498 755 532 820; x_wconf 90' lang='lat' dir='ltr'><strong>in</strong></span> <span class='ocrx_word' id='word_1_7' title='bbox 550 755 627 822; x_wconf 71' lang='lat' dir='ltr'><strong>daia</strong></span> <span class='ocrx_word' id='word_1_8' title='bbox 646 771 752 843; x_wconf 77' lang='lat' dir='ltr'><strong>gesto.</strong></span> <span class='ocrx_word' id='word_1_9' title='bbox 777 757 873 841; x_wconf 79' lang='lat' dir='ltr'><strong>Ergo</strong></span> <span class='ocrx_word' id='word_1_10' title='bbox 979 759 1038 818; x_wconf 67' lang='lat' dir='ltr'><strong>‘At</strong></span> <span class='ocrx_word' id='word_1_11' title='bbox 1050 773 1118 841; x_wconf 73' lang='lat' dir='ltr'><strong>qua</strong></span> <span class='ocrx_word' id='word_1_12' title='bbox 1132 755 1281 834; x_wconf 87' lang='lat' dir='ltr'><strong>ratione,</strong></span> <span class='ocrx_word' id='word_1_13' title='bbox 1298 771 1371 841; x_wconf 70' lang='lat' dir='ltr'><strong>quo</strong></span> <span class='ocrx_word' id='word_1_14' title='bbox 1387 755 1586 839; x_wconf 76' lang='lat' dir='ltr'><strong>argumeutd</strong></span> <span class='ocrx_word' id='word_1_15' title='bbox 1604 775 1674 821; x_wconf 64' lang='lat' dir='ltr'><strong>ma</strong></span> 
     </span>
     <span class='ocr_line' id='line_1_3' title="bbox 126 850 1672 946; baseline -0.001 -22"><span class='ocrx_word' id='word_1_16' title='bbox 126 863 160 924; x_wconf 82' lang='lat' dir='ltr'><strong>ai</strong></span> <span class='ocrx_word' id='word_1_17' title='bbox 173 857 335 946; x_wconf 77' lang='lat' dir='ltr'><strong>Lepidus,</strong></span> <span class='ocrx_word' id='word_1_18' title='bbox 351 881 425 925; x_wconf 91' lang='lat' dir='ltr'><strong>cum</strong></span> <span class='ocrx_word' id='word_1_19' title='bbox 436 860 587 945; x_wconf 78' lang='lat' dir='ltr'><strong>pontifex</strong></span> <span class='ocrx_word' id='word_1_20' title='bbox 601 881 686 926; x_wconf 83' lang='lat' dir='ltr'><strong>max.</strong></span> <span class='ocrx_word' id='word_1_21' title='bbox 696 874 806 938; x_wconf 84' lang='lat' dir='ltr'><strong>esset,</strong></span> <span class='ocrx_word' id='word_1_22' title='bbox 817 873 872 922; x_wconf 88' lang='lat' dir='ltr'><strong>tu·</strong></span> <span class='ocrx_word' id='word_1_23' title='bbox 927 850 1016 923; x_wconf 82' lang='lat' dir='ltr'><strong>aime</strong></span> <span class='ocrx_word' id='word_1_24' title='bbox 1034 858 1150 920; x_wconf 88' lang='lat' dir='ltr'><strong>nititur</strong></span> <span class='ocrx_word' id='word_1_25' title='bbox 1164 856 1318 942; x_wconf 70' lang='lat' dir='ltr'><strong>Pighius,</strong></span> <span class='ocrx_word' id='word_1_26' title='bbox 1338 857 1445 942; x_wconf 90' lang='lat' dir='ltr'><strong>putuit</strong></span> <span class='ocrx_word' id='word_1_27' title='bbox 1461 879 1534 921; x_wconf 90' lang='lat' dir='ltr'><strong>cum</strong></span> <span class='ocrx_word' id='word_1_28' title='bbox 1556 859 1589 920; x_wconf 92' lang='lat' dir='ltr'><strong>iu</strong></span> <span class='ocrx_word' id='word_1_29' title='bbox 1602 859 1672 924; x_wconf 79' lang='lat' dir='ltr'><strong>hoe</strong></span> 
     </span>
     <span class='ocr_line' id='line_1_4' title="bbox 129 951 1670 1048; baseline -0.001 -24"><span class='ocrx_word' id='word_1_30' title='bbox 129 977 237 1026; x_wconf 87' lang='lat' dir='ltr'><strong>torem</strong></span> <span class='ocrx_word' id='word_1_31' title='bbox 255 961 290 1025; x_wconf 92' lang='lat' dir='ltr'><strong>in</strong></span> <span class='ocrx_word' id='word_1_32' title='bbox 310 975 436 1026; x_wconf 74' lang='lat' dir='ltr'><strong>remota</strong></span> <span class='ocrx_word' id='word_1_33' title='bbox 451 951 603 1048; x_wconf 65' lang='lat' dir='ltr'><strong>heg&#39;ypto</strong></span> <span class='ocrx_word' id='word_1_34' title='bbox 621 964 712 1048; x_wconf 81' lang='lat' dir='ltr'><strong>egit,</strong></span> <span class='ocrx_word' id='word_1_35' title='bbox 738 983 800 1048; x_wconf 88' lang='lat' dir='ltr'><strong>qua</strong></span> <span class='ocrx_word' id='word_1_36' title='bbox 821 983 872 1024; x_wconf 89' lang='lat' dir='ltr'><strong>ra·</strong></span> <span class='ocrx_word' id='word_1_37' title='bbox 926 959 1083 1039; x_wconf 68' lang='lat' dir='ltr'><strong>daumio,</strong></span> <span class='ocrx_word' id='word_1_38' title='bbox 1112 971 1188 1024; x_wconf 78' lang='lat' dir='ltr'><strong>tum</strong></span> <span class='ocrx_word' id='word_1_39' title='bbox 1218 983 1234 1024; x_wconf 91' lang='lat' dir='ltr'><strong>a</strong></span> <span class='ocrx_word' id='word_1_40' title='bbox 1261 959 1338 1027; x_wconf 74' lang='lat' dir='ltr'><strong>vat.</strong></span> <span class='ocrx_word' id='word_1_41' title='bbox 1357 961 1504 1024; x_wconf 69' lang='lat' dir='ltr'><strong>Uuimo</strong></span> <span class='ocrx_word' id='word_1_42' title='bbox 1533 961 1599 1025; x_wconf 92' lang='lat' dir='ltr'><strong>dici</strong></span> <span class='ocrx_word' id='word_1_43' title='bbox 1625 963 1670 1023; x_wconf 76' lang='grc' dir='ltr'><strong>Ιί.</strong></span> 
     </span>
     <span class='ocr_line' id='line_1_5' title="bbox 131 1059 1675 1148; baseline 0 -22"><span class='ocrx_word' id='word_1_44' title='bbox 131 1065 220 1128; x_wconf 91' lang='lat' dir='ltr'><strong>tione</strong></span> <span class='ocrx_word' id='word_1_45' title='bbox 238 1066 372 1128; x_wconf 86' lang='lat' dir='ltr'><strong>Crassus</strong></span> <span class='ocrx_word' id='word_1_46' title='bbox 389 1063 513 1148; x_wconf 90' lang='lat' dir='ltr'><strong>primus</strong></span> <span class='ocrx_word' id='word_1_47' title='bbox 524 1063 595 1129; x_wconf 84' lang='lat' dir='ltr'><strong>dici</strong></span> <span class='ocrx_word' id='word_1_48' title='bbox 612 1065 719 1148; x_wconf 90' lang='lat' dir='ltr'><strong>potuit</strong></span> <span class='ocrx_word' id='word_1_49' title='bbox 736 1065 770 1126; x_wconf 89' lang='lat' dir='ltr'><strong>iu</strong></span> <span class='ocrx_word' id='word_1_50' title='bbox 788 1083 872 1146; x_wconf 92' lang='lat' dir='ltr'><strong>pou·</strong></span> <span class='ocrx_word' id='word_1_51' title='bbox 922 1063 1073 1148; x_wconf 78' lang='lat' dir='ltr'><strong>Lepidus</strong></span> <span class='ocrx_word' id='word_1_52' title='bbox 1093 1061 1189 1123; x_wconf 87' lang='lat' dir='ltr'><strong>simul</strong></span> <span class='ocrx_word' id='word_1_53' title='bbox 1207 1059 1360 1145; x_wconf 60' lang='lat' dir='ltr'><strong>pontica</strong></span> <span class='ocrx_word' id='word_1_54' title='bbox 1375 1083 1482 1138; x_wconf 74' lang='lat' dir='ltr'><strong>man,</strong></span> <span class='ocrx_word' id='word_1_55' title='bbox 1499 1063 1602 1126; x_wconf 78' lang='lat' dir='ltr'><strong>simul</strong></span> <span class='ocrx_word' id='word_1_56' title='bbox 1619 1076 1675 1126; x_wconf 91' lang='lat' dir='ltr'><strong>tu·</strong></span> 
     </span>
     <span class='ocr_line' id='line_1_6' title="bbox 128 1160 1678 1254; baseline 0.001 -26"><span class='ocrx_word' id='word_1_57' title='bbox 128 1165 254 1230; x_wconf 90' lang='lat' dir='ltr'><strong>tilieatn</strong></span> <span class='ocrx_word' id='word_1_58' title='bbox 276 1165 416 1230; x_wconf 87' lang='lat' dir='ltr'><strong>maximo</strong></span> <span class='ocrx_word' id='word_1_59' title='bbox 438 1165 561 1230; x_wconf 86' lang='lat' dir='ltr'><strong>Italiam</strong></span> <span class='ocrx_word' id='word_1_60' title='bbox 577 1164 756 1250; x_wconf 80' lang='lat' dir='ltr'><strong>egressus?</strong></span> <span class='ocrx_word' id='word_1_61' title='bbox 782 1164 871 1228; x_wconf 81' lang='lat' dir='ltr'><strong>Sane</strong></span> <span class='ocrx_word' id='word_1_62' title='bbox 921 1175 983 1228; x_wconf 77' lang='lat' dir='ltr'><strong>tor</strong></span> <span class='ocrx_word' id='word_1_63' title='bbox 1009 1164 1125 1249; x_wconf 80' lang='lat' dir='ltr'><strong>regis?</strong></span> <span class='ocrx_word' id='word_1_64' title='bbox 1159 1160 1353 1247; x_wconf 74' lang='lat' dir='ltr'><strong>Expeditum.</strong></span> <span class='ocrx_word' id='word_1_65' title='bbox 1391 1163 1609 1254; x_wconf 70' lang='lat' dir='ltr'><strong>Quiacuuqne</strong></span> <span class='ocrx_word' id='word_1_66' title='bbox 1642 1165 1678 1229; x_wconf 85' lang='lat' dir='ltr'><strong>ia</strong></span> 
     </span>
     <span class='ocr_line' id='line_1_7' title="bbox 129 1257 1675 1364; baseline -0.002 -32"><span class='ocrx_word' id='word_1_67' title='bbox 129 1271 193 1352; x_wconf 81' lang='lat' dir='ltr'><strong>jam</strong></span> <span class='ocrx_word' id='word_1_68' title='bbox 214 1269 312 1346; x_wconf 93' lang='lat' dir='ltr'><strong>olim,</strong></span> <span class='ocrx_word' id='word_1_69' title='bbox 339 1288 413 1332; x_wconf 89' lang='lat' dir='ltr'><strong>cum</strong></span> <span class='ocrx_word' id='word_1_70' title='bbox 436 1267 674 1353; x_wconf 69' lang='lat' dir='ltr'><strong>ambigeretur,</strong></span> <span class='ocrx_word' id='word_1_71' title='bbox 697 1267 780 1330; x_wconf 90' lang='lat' dir='ltr'><strong>aitne</strong></span> <span class='ocrx_word' id='word_1_72' title='bbox 803 1265 873 1332; x_wconf 81' lang='lat' dir='ltr'><strong>Sci·</strong></span> <span class='ocrx_word' id='word_1_73' title='bbox 923 1267 989 1330; x_wconf 80' lang='lat' dir='ltr'><strong>tuis</strong></span> <span class='ocrx_word' id='word_1_74' title='bbox 1009 1288 1051 1330; x_wconf 83' lang='lat' dir='ltr'><strong>ex</strong></span> <span class='ocrx_word' id='word_1_75' title='bbox 1069 1265 1214 1349; x_wconf 84' lang='lat' dir='ltr'><strong>posteris</strong></span> <span class='ocrx_word' id='word_1_76' title='bbox 1231 1257 1332 1345; x_wconf 86' lang='lat' dir='ltr'><strong>hujus</strong></span> <span class='ocrx_word' id='word_1_77' title='bbox 1348 1265 1490 1347; x_wconf 78' lang='lat' dir='ltr'><strong>Lepidi,</strong></span> <span class='ocrx_word' id='word_1_78' title='bbox 1515 1270 1577 1351; x_wconf 78' lang='lat' dir='ltr'><strong>¹qui</strong></span> <span class='ocrx_word' id='word_1_79' title='bbox 1598 1267 1675 1364; x_wconf 70' lang='lat' dir='ltr'><strong>iusi·</strong></span> 
     </span>
     <span class='ocr_line' id='line_1_8' title="bbox 128 1365 1675 1456; baseline 0.001 -23"><span class='ocrx_word' id='word_1_80' title='bbox 128 1371 238 1456; x_wconf 87' lang='lat' dir='ltr'><strong>pioni,</strong></span> <span class='ocrx_word' id='word_1_81' title='bbox 259 1395 300 1435; x_wconf 90' lang='lat' dir='ltr'><strong>an</strong></span> <span class='ocrx_word' id='word_1_82' title='bbox 317 1372 433 1435; x_wconf 86' lang='lat' dir='ltr'><strong>Crasso</strong></span> <span class='ocrx_word' id='word_1_83' title='bbox 451 1369 573 1434; x_wconf 86' lang='lat' dir='ltr'><strong>bellum</strong></span> <span class='ocrx_word' id='word_1_84' title='bbox 592 1369 780 1433; x_wconf 78' lang='lat' dir='ltr'><strong>Africanum</strong></span> <span class='ocrx_word' id='word_1_85' title='bbox 796 1391 870 1433; x_wconf 87' lang='lat' dir='ltr'><strong>cum</strong></span> <span class='ocrx_word' id='word_1_86' title='bbox 922 1389 1024 1454; x_wconf 70' lang='lat' dir='ltr'><strong>guem</strong></span> <span class='ocrx_word' id='word_1_87' title='bbox 1049 1369 1141 1431; x_wconf 88' lang='lat' dir='ltr'><strong>hune</strong></span> <span class='ocrx_word' id='word_1_88' title='bbox 1161 1365 1338 1428; x_wconf 85' lang='lat' dir='ltr'><strong>denarium</strong></span> <span class='ocrx_word' id='word_1_89' title='bbox 1364 1365 1558 1430; x_wconf 77' lang='lat' dir='ltr'><strong>&#39;feriundum</strong></span> <span class='ocrx_word' id='word_1_90' title='bbox 1577 1390 1675 1434; x_wconf 73' lang='lat' dir='ltr'><strong>ottra-</strong></span> 
     </span>
     <span class='ocr_line' id='line_1_9' title="bbox 127 1465 1673 1558; baseline -0.005 -20"><span class='ocrx_word' id='word_1_91' title='bbox 127 1474 312 1538; x_wconf 77' lang='lat' dir='ltr'><strong>Hannibale</strong></span> <span class='ocrx_word' id='word_1_92' title='bbox 335 1473 564 1552; x_wconf 87' lang='lat' dir='ltr'><strong>mandandum,</strong></span> <span class='ocrx_word' id='word_1_93' title='bbox 585 1473 758 1550; x_wconf 88' lang='lat' dir='ltr'><strong>Crassum,</strong></span> <span class='ocrx_word' id='word_1_94' title='bbox 777 1473 871 1558; x_wconf 78' lang='lat' dir='ltr'><strong>quod</strong></span> <span class='ocrx_word' id='word_1_95' title='bbox 925 1471 989 1548; x_wconf 80' lang='lat' dir='ltr'><strong>rit,</strong></span> <span class='ocrx_word' id='word_1_96' title='bbox 1012 1470 1045 1534; x_wconf 90' lang='lat' dir='ltr'><strong>ei</strong></span> <span class='ocrx_word' id='word_1_97' title='bbox 1057 1469 1265 1553; x_wconf 89' lang='lat' dir='ltr'><strong>propositum</strong></span> <span class='ocrx_word' id='word_1_98' title='bbox 1275 1465 1370 1532; x_wconf 80' lang='lat' dir='ltr'><strong>aliud</strong></span> <span class='ocrx_word' id='word_1_99' title='bbox 1385 1487 1455 1530; x_wconf 89' lang='lat' dir='ltr'><strong>uon</strong></span> <span class='ocrx_word' id='word_1_100' title='bbox 1473 1469 1551 1547; x_wconf 85' lang='lat' dir='ltr'><strong>luit,</strong></span> <span class='ocrx_word' id='word_1_101' title='bbox 1569 1491 1673 1558; x_wconf 77' lang='lat' dir='ltr'><strong>¹quara</strong></span> 
     </span>
     <span class='ocr_line' id='line_1_10' title="bbox 129 1569 1672 1660; baseline -0.005 -18"><span class='ocrx_word' id='word_1_102' title='bbox 129 1575 279 1660; x_wconf 74' lang='lat' dir='ltr'><strong>pontifex</strong></span> <span class='ocrx_word' id='word_1_103' title='bbox 294 1575 451 1638; x_wconf 84' lang='lat' dir='ltr'><strong>maximus</strong></span> <span class='ocrx_word' id='word_1_104' title='bbox 465 1587 571 1653; x_wconf 84' lang='lat' dir='ltr'><strong>esset,</strong></span> <span class='ocrx_word' id='word_1_105' title='bbox 592 1575 665 1652; x_wconf 87' lang='lat' dir='ltr'><strong>lea,</strong></span> <span class='ocrx_word' id='word_1_106' title='bbox 681 1595 780 1659; x_wconf 79' lang='lat' dir='ltr'><strong>quam</strong></span> <span class='ocrx_word' id='word_1_107' title='bbox 793 1577 873 1637; x_wconf 81' lang='lat' dir='ltr'><strong>Plu·</strong></span> <span class='ocrx_word' id='word_1_108' title='bbox 923 1585 964 1635; x_wconf 88' lang='lat' dir='ltr'><strong>ut</strong></span> <span class='ocrx_word' id='word_1_109' title='bbox 984 1573 1019 1634; x_wconf 89' lang='lat' dir='ltr'><strong>iu</strong></span> <span class='ocrx_word' id='word_1_110' title='bbox 1036 1571 1147 1656; x_wconf 69' lang='lat' dir='ltr'><strong>gentis</strong></span> <span class='ocrx_word' id='word_1_111' title='bbox 1162 1592 1246 1634; x_wconf 62' lang='lat' dir='ltr'><strong>‘auae</strong></span> <span class='ocrx_word' id='word_1_112' title='bbox 1262 1569 1369 1633; x_wconf 84' lang='lat' dir='ltr'><strong>decus</strong></span> <span class='ocrx_word' id='word_1_113' title='bbox 1389 1571 1527 1652; x_wconf 87' lang='lat' dir='ltr'><strong>jactaret</strong></span> <span class='ocrx_word' id='word_1_114' title='bbox 1548 1572 1672 1656; x_wconf 85' lang='lat' dir='ltr'><strong>palam,</strong></span> 
     </span>
     <span class='ocr_line' id='line_1_11' title="bbox 127 1671 1673 1761; baseline -0.003 -18"><span class='ocrx_word' id='word_1_115' title='bbox 127 1677 517 1761; x_wconf 63' lang='lat' dir='ltr'><strong>tarohusdrroaappellat,</strong></span> <span class='ocrx_word' id='word_1_116' title='bbox 530 1678 564 1738; x_wconf 93' lang='lat' dir='ltr'><strong>in</strong></span> <span class='ocrx_word' id='word_1_117' title='bbox 578 1677 660 1739; x_wconf 91' lang='lat' dir='ltr'><strong>urbe</strong></span> <span class='ocrx_word' id='word_1_118' title='bbox 671 1676 818 1739; x_wconf 89' lang='lat' dir='ltr'><strong>coercuit</strong></span> <span class='ocrx_word' id='word_1_119' title='bbox 832 1679 871 1758; x_wconf 80' lang='lat'><strong>⁸).</strong></span> <span class='ocrx_word' id='word_1_120' title='bbox 923 1693 1025 1751; x_wconf 85' lang='lat' dir='ltr'><strong>eum,</strong></span> <span class='ocrx_word' id='word_1_121' title='bbox 1061 1673 1114 1736; x_wconf 86' lang='lat' dir='ltr'><strong>coi</strong></span> <span class='ocrx_word' id='word_1_122' title='bbox 1141 1671 1233 1756; x_wconf 69' lang='lat' dir='ltr'><strong>regia</strong></span> <span class='ocrx_word' id='word_1_123' title='bbox 1262 1671 1364 1735; x_wconf 88' lang='lat' dir='ltr'><strong>tutela</strong></span> <span class='ocrx_word' id='word_1_124' title='bbox 1386 1673 1565 1736; x_wconf 75' lang='lat' dir='ltr'><strong>commissa</strong></span> <span class='ocrx_word' id='word_1_125' title='bbox 1588 1675 1673 1752; x_wconf 81' lang='lat' dir='ltr'><strong>tuit,</strong></span> 
     </span>
     <span class='ocr_line' id='line_1_12' title="bbox 127 1771 1675 1868; baseline -0.006 -24"><span class='ocrx_word' id='word_1_126' title='bbox 127 1781 282 1864; x_wconf 87' lang='lat' dir='ltr'><strong>Denique</strong></span> <span class='ocrx_word' id='word_1_127' title='bbox 301 1778 492 1843; x_wconf 75' lang='lat' dir='ltr'><strong>adversatur</strong></span> <span class='ocrx_word' id='word_1_128' title='bbox 510 1777 629 1863; x_wconf 80' lang='lat' dir='ltr'><strong>Pighio</strong></span> <span class='ocrx_word' id='word_1_129' title='bbox 642 1777 786 1840; x_wconf 87' lang='lat' dir='ltr'><strong>lustinus</strong></span> <span class='ocrx_word' id='word_1_130' title='bbox 801 1798 874 1868; x_wconf 79' lang='lat' dir='ltr'><strong>nar·</strong></span> <span class='ocrx_word' id='word_1_131' title='bbox 929 1773 1030 1837; x_wconf 83' lang='lat' dir='ltr'><strong>luisse</strong></span> <span class='ocrx_word' id='word_1_132' title='bbox 1044 1774 1148 1837; x_wconf 80' lang='lat' dir='ltr'><strong>etiam</strong></span> <span class='ocrx_word' id='word_1_133' title='bbox 1166 1771 1348 1851; x_wconf 67' lang='lat' dir='ltr'><strong>honorilice</strong></span> <span class='ocrx_word' id='word_1_134' title='bbox 1364 1777 1487 1836; x_wconf 77' lang='lat' dir='ltr'><strong>summi</strong></span> <span class='ocrx_word' id='word_1_135' title='bbox 1504 1777 1675 1858; x_wconf 65' lang='lat' dir='ltr'><strong>pontilian-</strong></span> 
     </span>
     <span class='ocr_line' id='line_1_13' title="bbox 129 1873 1676 1966; baseline -0.001 -21"><span class='ocrx_word' id='word_1_136' title='bbox 129 1893 223 1958; x_wconf 81' lang='lat' dir='ltr'><strong>&#39;r-ans,</strong></span> <span class='ocrx_word' id='word_1_137' title='bbox 246 1895 369 1966; x_wconf 82' lang='lat' dir='ltr'><strong>gratam</strong></span> <span class='ocrx_word' id='word_1_138' title='bbox 384 1881 488 1944; x_wconf 82' lang='lat' dir='ltr'><strong>fuisse</strong></span> <span class='ocrx_word' id='word_1_139' title='bbox 502 1879 657 1942; x_wconf 82' lang='lat' dir='ltr'><strong>Romanis</strong></span> <span class='ocrx_word' id='word_1_140' title='bbox 675 1877 873 1962; x_wconf 85' lang='lat' dir='ltr'><strong>legationem</strong></span> <span class='ocrx_word' id='word_1_141' title='bbox 928 1889 982 1940; x_wconf 89' lang='lat' dir='ltr'><strong>tua</strong></span> <span class='ocrx_word' id='word_1_142' title='bbox 1000 1873 1193 1960; x_wconf 78' lang='lat' dir='ltr'><strong>magistratu</strong></span> <span class='ocrx_word' id='word_1_143' title='bbox 1215 1875 1381 1953; x_wconf 79' lang='lat' dir='ltr'><strong>iunctum,</strong></span> <span class='ocrx_word' id='word_1_144' title='bbox 1406 1878 1474 1939; x_wconf 79' lang='lat' dir='ltr'><strong>etsi</strong></span> <span class='ocrx_word' id='word_1_145' title='bbox 1494 1878 1549 1944; x_wconf 91' lang='lat' dir='ltr'><strong>hic</strong></span> <span class='ocrx_word' id='word_1_146' title='bbox 1570 1879 1676 1944; x_wconf 90' lang='lat' dir='ltr'><strong>multo</strong></span> 
     </span>
     <span class='ocr_line' id='line_1_14' title="bbox 67 1975 1680 2072; baseline -0.002 -25"><span class='ocrx_word' id='word_1_147' title='bbox 67 1975 74 1990; x_wconf 79' lang='grc'><strong>”</strong></span> <span class='ocrx_word' id='word_1_148' title='bbox 130 1983 448 2059; x_wconf 74' lang='lat' dir='ltr'><strong>Alexandrinorum,</strong></span> <span class='ocrx_word' id='word_1_149' title='bbox 477 2003 603 2046; x_wconf 87' lang='lat' dir='ltr'><strong>canaam</strong></span> <span class='ocrx_word' id='word_1_150' title='bbox 623 1982 704 2044; x_wconf 86' lang='lat' dir='ltr'><strong>belli</strong></span> <span class='ocrx_word' id='word_1_151' title='bbox 723 1979 878 2046; x_wconf 79' lang='lat' dir='ltr'><strong>adversus</strong></span> <span class='ocrx_word' id='word_1_152' title='bbox 935 1978 1207 2043; x_wconf 75' lang='lat' dir='ltr'><strong>arcessitaeriua.</strong></span> <span class='ocrx_word' id='word_1_153' title='bbox 1240 1975 1391 2072; x_wconf 74' lang='lat' dir='ltr'><strong>Quidni?</strong></span> <span class='ocrx_word' id='word_1_154' title='bbox 1420 2001 1461 2042; x_wconf 90' lang='lat' dir='ltr'><strong>an</strong></span> <span class='ocrx_word' id='word_1_155' title='bbox 1479 2000 1550 2043; x_wconf 90' lang='lat' dir='ltr'><strong>non</strong></span> <span class='ocrx_word' id='word_1_156' title='bbox 1571 1997 1606 2046; x_wconf 92' lang='lat' dir='ltr'><strong>et</strong></span> <span class='ocrx_word' id='word_1_157' title='bbox 1626 1983 1680 2046; x_wconf 89' lang='lat' dir='ltr'><strong>Ci-</strong></span> 
     </span>
     <span class='ocr_line' id='line_1_15' title="bbox 128 2079 1683 2169; baseline 0 -23"><span class='ocrx_word' id='word_1_158' title='bbox 128 2085 321 2169; x_wconf 87' lang='lat' dir='ltr'><strong>Philippum</strong></span> <span class='ocrx_word' id='word_1_159' title='bbox 337 2085 382 2152; x_wconf 78' lang='lat' dir='ltr'><strong>V.</strong></span> <span class='ocrx_word' id='word_1_160' title='bbox 407 2085 618 2148; x_wconf 74' lang='lat' dir='ltr'><strong>Macedoniae</strong></span> <span class='ocrx_word' id='word_1_161' title='bbox 641 2103 759 2166; x_wconf 79' lang='lat' dir='ltr'><strong>regem</strong></span> <span class='ocrx_word' id='word_1_162' title='bbox 777 2105 880 2168; x_wconf 78' lang='lat' dir='ltr'><strong>quae·</strong></span> <span class='ocrx_word' id='word_1_163' title='bbox 928 2101 1014 2144; x_wconf 66' lang='lat' dir='ltr'><strong>*cero</strong></span> <span class='ocrx_word' id='word_1_164' title='bbox 1036 2083 1084 2161; x_wconf 76' lang='lat'><strong>⁰),</strong></span> <span class='ocrx_word' id='word_1_165' title='bbox 1104 2091 1144 2143; x_wconf 91' lang='lat' dir='ltr'><strong>·et</strong></span> <span class='ocrx_word' id='word_1_166' title='bbox 1163 2080 1328 2164; x_wconf 71' lang='lat' dir='ltr'><strong>Appianas</strong></span> <span class='ocrx_word' id='word_1_167' title='bbox 1350 2079 1384 2163; x_wconf 75' lang='lat' dir='ltr'><strong>d)</strong></span> <span class='ocrx_word' id='word_1_168' title='bbox 1405 2079 1441 2142; x_wconf 91' lang='lat' dir='ltr'><strong>hi</strong></span> <span class='ocrx_word' id='word_1_169' title='bbox 1460 2103 1592 2168; x_wconf 78' lang='lat' dir='ltr'><strong>quoque</strong></span> <span class='ocrx_word' id='word_1_170' title='bbox 1611 2105 1683 2166; x_wconf 63' lang='lat' dir='ltr'><strong>rrec-</strong></span> 
     </span>
     <span class='ocr_line' id='line_1_16' title="bbox 129 2181 1681 2269; baseline 0.001 -21"><span class='ocrx_word' id='word_1_171' title='bbox 129 2186 297 2262; x_wconf 88' lang='lat' dir='ltr'><strong>rentibus,</strong></span> <span class='ocrx_word' id='word_1_172' title='bbox 319 2187 374 2269; x_wconf 86' lang='lat' dir='ltr'><strong>qui</strong></span> <span class='ocrx_word' id='word_1_173' title='bbox 388 2187 555 2249; x_wconf 87' lang='lat' dir='ltr'><strong>insidiatus</strong></span> <span class='ocrx_word' id='word_1_174' title='bbox 571 2185 618 2248; x_wconf 89' lang='lat' dir='ltr'><strong>eis</strong></span> <span class='ocrx_word' id='word_1_175' title='bbox 636 2198 783 2268; x_wconf 88' lang='lat' dir='ltr'><strong>tempore</strong></span> <span class='ocrx_word' id='word_1_176' title='bbox 796 2185 879 2248; x_wconf 84' lang='lat' dir='ltr'><strong>belli</strong></span> <span class='ocrx_word' id='word_1_177' title='bbox 935 2188 1088 2256; x_wconf 70' lang='grc' dir='ltr'><strong>ληκταως</strong></span> <span class='ocrx_word' id='word_1_178' title='bbox 1108 2195 1182 2245; x_wconf 87' lang='lat' dir='ltr'><strong>aunt</strong></span> <span class='ocrx_word' id='word_1_179' title='bbox 1199 2181 1323 2260; x_wconf 88' lang='lat' dir='ltr'><strong>locuti,</strong></span> <span class='ocrx_word' id='word_1_180' title='bbox 1343 2201 1422 2246; x_wconf 76' lang='lat' dir='ltr'><strong>¹carru</strong></span> <span class='ocrx_word' id='word_1_181' title='bbox 1437 2185 1639 2264; x_wconf 82' lang='lat' dir='ltr'><strong>adaernere,</strong></span> <span class='ocrx_word' id='word_1_182' title='bbox 1661 2209 1681 2250; x_wconf 89' lang='lat' dir='ltr'><strong>a</strong></span> 
     </span>
     <span class='ocr_line' id='line_1_17' title="bbox 131 2281 1682 2374; baseline 0 -24"><span class='ocrx_word' id='word_1_183' title='bbox 131 2287 250 2352; x_wconf 83' lang='lat' dir='ltr'><strong>Punici</strong></span> <span class='ocrx_word' id='word_1_184' title='bbox 274 2287 397 2367; x_wconf 79' lang='lat' dir='ltr'><strong>luerat3</strong></span> <span class='ocrx_word' id='word_1_185' title='bbox 429 2291 543 2374; x_wconf 86' lang='lat' dir='ltr'><strong>quare,</strong></span> <span class='ocrx_word' id='word_1_186' title='bbox 570 2285 675 2362; x_wconf 87' lang='lat' dir='ltr'><strong>addit,</strong></span> <span class='ocrx_word' id='word_1_187' title='bbox 700 2291 880 2349; x_wconf 80' lang='lat' dir='ltr'><strong>mittuntur</strong></span> <span class='ocrx_word' id='word_1_188' title='bbox 933 2285 973 2347; x_wconf 78' lang='grc' dir='ltr'><strong>Ρ.</strong></span> <span class='ocrx_word' id='word_1_189' title='bbox 991 2281 1145 2368; x_wconf 84' lang='lat' dir='ltr'><strong>Scipione</strong></span> <span class='ocrx_word' id='word_1_190' title='bbox 1171 2283 1286 2347; x_wconf 82' lang='lat' dir='ltr'><strong>Nasica</strong></span> <span class='ocrx_word' id='word_1_191' title='bbox 1308 2299 1392 2368; x_wconf 91' lang='lat' dir='ltr'><strong>pont</strong></span> <span class='ocrx_word' id='word_1_192' title='bbox 1412 2307 1500 2351; x_wconf 85' lang='lat' dir='ltr'><strong>max.</strong></span> <span class='ocrx_word' id='word_1_193' title='bbox 1522 2287 1682 2370; x_wconf 85' lang='lat' dir='ltr'><strong>perduel-</strong></span> 
     </span>
     <span class='ocr_line' id='line_1_18' title="bbox 133 2383 1680 2472; baseline 0.001 -20"><span class='ocrx_word' id='word_1_194' title='bbox 133 2393 255 2472; x_wconf 80' lang='lat' dir='ltr'><strong>Ieguta&#39;,</strong></span> <span class='ocrx_word' id='word_1_195' title='bbox 273 2393 331 2470; x_wconf 79' lang='lat' dir='ltr'><strong>qui</strong></span> <span class='ocrx_word' id='word_1_196' title='bbox 346 2391 516 2452; x_wconf 75' lang='lat' dir='ltr'><strong>Antiocho</strong></span> <span class='ocrx_word' id='word_1_197' title='bbox 536 2404 570 2450; x_wconf 83' lang='lat' dir='ltr'><strong>ct</strong></span> <span class='ocrx_word' id='word_1_198' title='bbox 588 2389 739 2470; x_wconf 79' lang='lat' dir='ltr'><strong>Philippo</strong></span> <span class='ocrx_word' id='word_1_199' title='bbox 759 2389 879 2449; x_wconf 80' lang='lat' dir='ltr'><strong>denun-</strong></span> <span class='ocrx_word' id='word_1_200' title='bbox 931 2383 1001 2447; x_wconf 90' lang='lat' dir='ltr'><strong>lem</strong></span> <span class='ocrx_word' id='word_1_201' title='bbox 1017 2383 1202 2448; x_wconf 69' lang='lat' dir='ltr'><strong>‘Gracchum</strong></span> <span class='ocrx_word' id='word_1_202' title='bbox 1226 2385 1328 2450; x_wconf 78' lang='lat' dir='ltr'><strong>luisse</strong></span> <span class='ocrx_word' id='word_1_203' title='bbox 1347 2388 1507 2451; x_wconf 65' lang='lat' dir='ltr'><strong>uuum?</strong></span> <span class='ocrx_word' id='word_1_204' title='bbox 1531 2391 1680 2466; x_wconf 70' lang='lat' dir='ltr'><strong>Coram,</strong></span> 
     </span>
     <span class='ocr_line' id='line_1_19' title="bbox 129 2485 1682 2576; baseline -0.001 -22"><span class='ocrx_word' id='word_1_205' title='bbox 129 2499 240 2569; x_wconf 77' lang='lat' dir='ltr'><strong>cient,</strong></span> <span class='ocrx_word' id='word_1_206' title='bbox 257 2509 358 2576; x_wconf 81' lang='lat' dir='ltr'><strong>regno</strong></span> <span class='ocrx_word' id='word_1_207' title='bbox 374 2491 527 2572; x_wconf 79' lang='lat' dir='ltr'><em>Aegypti</em></span> <span class='ocrx_word' id='word_1_208' title='bbox 541 2493 739 2552; x_wconf 82' lang='lat' dir='ltr'><strong>obstineant.</strong></span> <span class='ocrx_word' id='word_1_209' title='bbox 766 2489 881 2552; x_wconf 59' lang='lat' dir='ltr'><strong>Mina</strong></span> <span class='ocrx_word' id='word_1_210' title='bbox 930 2485 1119 2550; x_wconf 76' lang='lat' dir='ltr'><strong>Gracchum</strong></span> <span class='ocrx_word' id='word_1_211' title='bbox 1135 2487 1324 2571; x_wconf 85' lang='lat' dir='ltr'><strong>s&#39;Scipioue</strong></span> <span class='ocrx_word' id='word_1_212' title='bbox 1348 2507 1478 2553; x_wconf 83' lang='lat' dir='ltr'><strong>caesum</strong></span> <span class='ocrx_word' id='word_1_213' title='bbox 1489 2489 1534 2560; x_wconf 77' lang='lat' dir='ltr'><strong>V.</strong></span> <span class='ocrx_word' id='word_1_214' title='bbox 1553 2493 1590 2556; x_wconf 87' lang='lat' dir='ltr'><strong>C.</strong></span> <span class='ocrx_word' id='word_1_215' title='bbox 1606 2493 1682 2568; x_wconf 79' lang='lat' dir='ltr'><strong>dua,</strong></span> 
     </span>
     <span class='ocr_line' id='line_1_20' title="bbox 133 2588 1681 2674; baseline -0.001 -18"><span class='ocrx_word' id='word_1_216' title='bbox 133 2609 192 2657; x_wconf 88' lang='lat' dir='ltr'><strong>tur</strong></span> <span class='ocrx_word' id='word_1_217' title='bbox 219 2605 255 2654; x_wconf 82' lang='lat' dir='ltr'><strong>et</strong></span> <span class='ocrx_word' id='word_1_218' title='bbox 280 2593 331 2656; x_wconf 88' lang='lat' dir='ltr'><strong>M.</strong></span> <span class='ocrx_word' id='word_1_219' title='bbox 348 2592 495 2673; x_wconf 77' lang='lat' dir='ltr'><em>Lepidus</em></span> <span class='ocrx_word' id='word_1_220' title='bbox 518 2593 555 2654; x_wconf 78' lang='lat' dir='ltr'><strong>in</strong></span> <span class='ocrx_word' id='word_1_221' title='bbox 580 2593 789 2672; x_wconf 65' lang='lat' dir='ltr'><strong>Aegyptam,</strong></span> <span class='ocrx_word' id='word_1_222' title='bbox 822 2593 881 2671; x_wconf 79' lang='lat' dir='ltr'><strong>qui</strong></span> <span class='ocrx_word' id='word_1_223' title='bbox 929 2609 1001 2671; x_wconf 66' lang='lat' dir='ltr'><strong>pou</strong></span> <span class='ocrx_word' id='word_1_224' title='bbox 1022 2597 1181 2672; x_wconf 79' lang='lat' dir='ltr'><strong>tempore</strong></span> <span class='ocrx_word' id='word_1_225' title='bbox 1209 2588 1429 2674; x_wconf 82' lang='lat' dir='ltr'><strong>pontificatum</strong></span> <span class='ocrx_word' id='word_1_226' title='bbox 1460 2615 1545 2657; x_wconf 82' lang='lat' dir='ltr'><strong>msa.</strong></span> <span class='ocrx_word' id='word_1_227' title='bbox 1573 2593 1681 2656; x_wconf 90' lang='lat' dir='ltr'><strong>tenuit</strong></span> 
     </span>
     <span class='ocr_line' id='line_1_21' title="bbox 132 2689 1682 2779; baseline -0.001 -21"><span class='ocrx_word' id='word_1_228' title='bbox 132 2696 263 2758; x_wconf 84' lang='lat' dir='ltr'><strong>tutora&#39;o</strong></span> <span class='ocrx_word' id='word_1_229' title='bbox 288 2694 420 2753; x_wconf 81' lang='lat' dir='ltr'><strong>numine</strong></span> <span class='ocrx_word' id='word_1_230' title='bbox 440 2711 575 2774; x_wconf 78' lang='lat' dir='ltr'><strong>regnum</strong></span> <span class='ocrx_word' id='word_1_231' title='bbox 598 2693 720 2774; x_wconf 75' lang='lat' dir='ltr'><strong>pupilli</strong></span> <span class='ocrx_word' id='word_1_232' title='bbox 739 2693 881 2754; x_wconf 82' lang='lat' dir='ltr'><strong>admini-</strong></span> <span class='ocrx_word' id='word_1_233' title='bbox 935 2691 975 2755; x_wconf 86' lang='lat' dir='ltr'><strong>P.</strong></span> <span class='ocrx_word' id='word_1_234' title='bbox 992 2689 1143 2754; x_wconf 80' lang='lat' dir='ltr'><strong>Licinius</strong></span> <span class='ocrx_word' id='word_1_235' title='bbox 1168 2693 1321 2770; x_wconf 83' lang='lat' dir='ltr'><strong>Crassus,</strong></span> <span class='ocrx_word' id='word_1_236' title='bbox 1342 2713 1415 2779; x_wconf 69' lang='lat' dir='ltr'><strong>quo</strong></span> <span class='ocrx_word' id='word_1_237' title='bbox 1435 2693 1562 2758; x_wconf 87' lang='lat' dir='ltr'><strong>deiude</strong></span> <span class='ocrx_word' id='word_1_238' title='bbox 1585 2695 1682 2757; x_wconf 78' lang='lat' dir='ltr'><strong>hien-</strong></span> 
     </span>
     <span class='ocr_line' id='line_1_22' title="bbox 134 2789 1681 2880; baseline 0 -22"><span class='ocrx_word' id='word_1_239' title='bbox 134 2808 220 2858; x_wconf 86' lang='lat' dir='ltr'><strong>stret</strong></span> <span class='ocrx_word' id='word_1_240' title='bbox 239 2791 286 2875; x_wconf 73' lang='lat' dir='ltr'><strong>b).</strong></span> <span class='ocrx_word' id='word_1_241' title='bbox 314 2793 429 2862; x_wconf 85' lang='lat' dir='ltr'><strong>Victus</strong></span> <span class='ocrx_word' id='word_1_242' title='bbox 445 2805 499 2856; x_wconf 85' lang='lat' dir='ltr'><strong>eat</strong></span> <span class='ocrx_word' id='word_1_243' title='bbox 517 2791 603 2877; x_wconf 85' lang='lat' dir='ltr'><strong>apud</strong></span> <span class='ocrx_word' id='word_1_244' title='bbox 616 2789 879 2876; x_wconf 70' lang='lat' dir='ltr'><strong>Cynoscephalas</strong></span> <span class='ocrx_word' id='word_1_245' title='bbox 931 2793 992 2854; x_wconf 87' lang='lat' dir='ltr'><strong>uio</strong></span> <span class='ocrx_word' id='word_1_246' title='bbox 1013 2805 1088 2876; x_wconf 89' lang='lat' dir='ltr'><strong>post</strong></span> <span class='ocrx_word' id='word_1_247' title='bbox 1107 2791 1141 2854; x_wconf 81' lang='lat' dir='ltr'><strong>iu</strong></span> <span class='ocrx_word' id='word_1_248' title='bbox 1163 2791 1254 2856; x_wconf 90' lang='lat' dir='ltr'><strong>hello</strong></span> <span class='ocrx_word' id='word_1_249' title='bbox 1274 2795 1453 2860; x_wconf 64' lang='lat' dir='ltr'><strong>haiatonici</strong></span> <span class='ocrx_word' id='word_1_250' title='bbox 1475 2793 1681 2880; x_wconf 81' lang='lat' dir='ltr'><strong>&#39;interempto</strong></span> 
     </span>
     <span class='ocr_line' id='line_1_23' title="bbox 135 2891 1681 2980; baseline 0.003 -22"><span class='ocrx_word' id='word_1_251' title='bbox 135 2896 328 2980; x_wconf 79' lang='lat' dir='ltr'><strong>Philippus,</strong></span> <span class='ocrx_word' id='word_1_252' title='bbox 361 2895 460 2958; x_wconf 88' lang='lat' dir='ltr'><strong>etad</strong></span> <span class='ocrx_word' id='word_1_253' title='bbox 485 2915 598 2978; x_wconf 87' lang='lat' dir='ltr'><strong>pacem</strong></span> <span class='ocrx_word' id='word_1_254' title='bbox 629 2895 759 2958; x_wconf 87' lang='lat' dir='ltr'><strong>adactus</strong></span> <span class='ocrx_word' id='word_1_255' title='bbox 782 2893 878 2960; x_wconf 66' lang='lat' dir='ltr'><strong>m.</strong></span> <span class='ocrx_word' id='word_1_256' title='bbox 932 2895 992 2958; x_wconf 89' lang='lat' dir='ltr'><strong>hic</strong></span> <span class='ocrx_word' id='word_1_257' title='bbox 1016 2895 1134 2979; x_wconf 72' lang='lat' dir='ltr'><strong>Scipio</strong></span> <span class='ocrx_word' id='word_1_258' title='bbox 1168 2891 1239 2977; x_wconf 71' lang='lat' dir='ltr'><strong>ejus</strong></span> <span class='ocrx_word' id='word_1_259' title='bbox 1274 2896 1380 2979; x_wconf 75' lang='lat' dir='ltr'><strong>ipsius</strong></span> <span class='ocrx_word' id='word_1_260' title='bbox 1409 2899 1537 2962; x_wconf 81' lang='lat' dir='ltr'><strong>virtutis</strong></span> <span class='ocrx_word' id='word_1_261' title='bbox 1569 2919 1681 2977; x_wconf 71' lang='lat' dir='ltr'><strong>musa,</strong></span> 
     </span>
     <span class='ocr_line' id='line_1_24' title="bbox 136 2995 1683 3082; baseline 0.001 -19"><span class='ocrx_word' id='word_1_262' title='bbox 136 3001 216 3080; x_wconf 83' lang='lat'><strong>⁵57,</strong></span> <span class='ocrx_word' id='word_1_263' title='bbox 236 3018 318 3082; x_wconf 80' lang='lat' dir='ltr'><strong>ergo</strong></span> <span class='ocrx_word' id='word_1_264' title='bbox 331 3007 468 3060; x_wconf 76' lang='lat' dir='ltr'><strong>necesse</strong></span> <span class='ocrx_word' id='word_1_265' title='bbox 484 3011 533 3059; x_wconf 87' lang='lat' dir='ltr'><strong>eat</strong></span> <span class='ocrx_word' id='word_1_266' title='bbox 546 2997 668 3081; x_wconf 87' lang='lat' dir='ltr'><strong>aliquot</strong></span> <span class='ocrx_word' id='word_1_267' title='bbox 682 2997 772 3060; x_wconf 89' lang='lat' dir='ltr'><strong>annis</strong></span> <span class='ocrx_word' id='word_1_268' title='bbox 788 3015 882 3080; x_wconf 86' lang='lat' dir='ltr'><strong>prae·</strong></span> <span class='ocrx_word' id='word_1_269' title='bbox 938 3016 1030 3081; x_wconf 89' lang='lat' dir='ltr'><strong>quam</strong></span> <span class='ocrx_word' id='word_1_270' title='bbox 1052 2997 1085 3057; x_wconf 94' lang='lat' dir='ltr'><strong>in</strong></span> <span class='ocrx_word' id='word_1_271' title='bbox 1103 2995 1301 3059; x_wconf 78' lang='lat' dir='ltr'><strong>Gracchanis</strong></span> <span class='ocrx_word' id='word_1_272' title='bbox 1326 2999 1377 3060; x_wconf 89' lang='lat' dir='ltr'><strong>hia</strong></span> <span class='ocrx_word' id='word_1_273' title='bbox 1399 3000 1502 3062; x_wconf 80' lang='lat' dir='ltr'><strong>turbia</strong></span> <span class='ocrx_word' id='word_1_274' title='bbox 1525 3001 1683 3064; x_wconf 81' lang='lat' dir='ltr'><strong>exhibue-</strong></span> 
     </span>
     <span class='ocr_line' id='line_1_25' title="bbox 136 3097 1680 3182; baseline 0.001 -18"><span class='ocrx_word' id='word_1_275' title='bbox 136 3101 278 3165; x_wconf 81' lang='lat' dir='ltr'><strong>cessisse</strong></span> <span class='ocrx_word' id='word_1_276' title='bbox 325 3099 524 3182; x_wconf 75' lang='lat' dir='ltr'><strong>legationem</strong></span> <span class='ocrx_word' id='word_1_277' title='bbox 567 3098 879 3174; x_wconf 82' lang='lat' dir='ltr'><strong>Alexandrinorum,</strong></span> <span class='ocrx_word' id='word_1_278' title='bbox 930 3110 1003 3172; x_wconf 84' lang='lat' dir='ltr'><strong>rat,</strong></span> <span class='ocrx_word' id='word_1_279' title='bbox 1037 3116 1196 3160; x_wconf 87' lang='lat' dir='ltr'><strong>summum</strong></span> <span class='ocrx_word' id='word_1_280' title='bbox 1221 3097 1313 3160; x_wconf 89' lang='lat' dir='ltr'><strong>hunc</strong></span> <span class='ocrx_word' id='word_1_281' title='bbox 1339 3099 1503 3162; x_wconf 86' lang='lat' dir='ltr'><strong>honorem</strong></span> <span class='ocrx_word' id='word_1_282' title='bbox 1534 3103 1680 3180; x_wconf 57' lang='lat' dir='ltr'><strong>*abatnlia</strong></span> 
     </span>
     <span class='ocr_line' id='line_1_26' title="bbox 137 3197 1684 3286; baseline 0.004 -22"><span class='ocrx_word' id='word_1_283' title='bbox 137 3201 228 3286; x_wconf 87' lang='lat' dir='ltr'><strong>quod</strong></span> <span class='ocrx_word' id='word_1_284' title='bbox 261 3213 330 3263; x_wconf 92' lang='lat' dir='ltr'><strong>tum</strong></span> <span class='ocrx_word' id='word_1_285' title='bbox 361 3199 443 3262; x_wconf 88' lang='lat' dir='ltr'><strong>helli</strong></span> <span class='ocrx_word' id='word_1_286' title='bbox 469 3221 596 3263; x_wconf 89' lang='lat' dir='ltr'><strong>causam</strong></span> <span class='ocrx_word' id='word_1_287' title='bbox 626 3221 699 3263; x_wconf 91' lang='lat' dir='ltr'><strong>curn</strong></span> <span class='ocrx_word' id='word_1_288' title='bbox 727 3199 883 3282; x_wconf 85' lang='lat' dir='ltr'><strong>Philippo</strong></span> <span class='ocrx_word' id='word_1_289' title='bbox 932 3211 975 3260; x_wconf 80' lang='lat' dir='ltr'><strong>ut</strong></span> <span class='ocrx_word' id='word_1_290' title='bbox 993 3197 1115 3261; x_wconf 88' lang='lat' dir='ltr'><strong>diserte</strong></span> <span class='ocrx_word' id='word_1_291' title='bbox 1131 3199 1327 3282; x_wconf 73' lang='lat' dir='ltr'><strong>vattejw)</strong></span> <span class='ocrx_word' id='word_1_292' title='bbox 1343 3201 1390 3280; x_wconf 70' lang='lat'><strong>⁴).</strong></span> <span class='ocrx_word' id='word_1_293' title='bbox 1417 3204 1550 3268; x_wconf 88' lang='lat' dir='ltr'><strong>Illustre</strong></span> <span class='ocrx_word' id='word_1_294' title='bbox 1568 3226 1684 3270; x_wconf 83' lang='lat' dir='ltr'><strong>exem·</strong></span> 
     </span>
     <span class='ocr_line' id='line_1_27' title="bbox 124 3299 1681 3392; baseline 0.004 -26"><span class='ocrx_word' id='word_1_295' title='bbox 124 3303 506 3390; x_wconf 83' lang='lat' dir='ltr'><strong>&#39;quaerebant-Rotnani.</strong></span> <span class='ocrx_word' id='word_1_296' title='bbox 535 3303 755 3385; x_wconf 79' lang='lat' dir='ltr'><strong>Athpidua,</strong></span> <span class='ocrx_word' id='word_1_297' title='bbox 778 3317 816 3362; x_wconf 90' lang='lat' dir='ltr'><strong>ut</strong></span> <span class='ocrx_word' id='word_1_298' title='bbox 836 3299 884 3362; x_wconf 91' lang='lat' dir='ltr'><strong>di-</strong></span> <span class='ocrx_word' id='word_1_299' title='bbox 937 3300 1028 3384; x_wconf 91' lang='lat' dir='ltr'><strong>plum</strong></span> <span class='ocrx_word' id='word_1_300' title='bbox 1065 3301 1158 3364; x_wconf 85' lang='lat' dir='ltr'><strong>aliud</strong></span> <span class='ocrx_word' id='word_1_301' title='bbox 1191 3301 1379 3384; x_wconf 79' lang='lat' dir='ltr'><strong>suppeditat</strong></span> <span class='ocrx_word' id='word_1_302' title='bbox 1414 3325 1533 3370; x_wconf 82' lang='lat' dir='ltr'><strong>namna</strong></span> <span class='ocrx_word' id='word_1_303' title='bbox 1574 3307 1681 3392; x_wconf 80' lang='lat' dir='ltr'><strong>gentis</strong></span> 
     </span>
     <span class='ocr_line' id='line_1_28' title="bbox 139 3400 1680 3498; baseline 0.003 -30"><span class='ocrx_word' id='word_1_304' title='bbox 139 3409 264 3481; x_wconf 86' lang='lat' dir='ltr'><strong>aimus,</strong></span> <span class='ocrx_word' id='word_1_305' title='bbox 281 3405 565 3472; x_wconf 75' lang='lat' dir='ltr'><strong>nonnisianro.</strong></span> <span class='ocrx_word' id='word_1_306' title='bbox 583 3406 618 3466; x_wconf 90' lang='lat' dir='ltr'><strong>C.</strong></span> <span class='ocrx_word' id='word_1_307' title='bbox 636 3407 698 3488; x_wconf 72' lang='lat'><strong>574</strong></span> <span class='ocrx_word' id='word_1_308' title='bbox 716 3400 883 3488; x_wconf 82' lang='lat' dir='ltr'><strong>pontifica-</strong></span> <span class='ocrx_word' id='word_1_309' title='bbox 938 3401 1110 3477; x_wconf 81' lang='lat' dir='ltr'><strong>Claudiae,</strong></span> <span class='ocrx_word' id='word_1_310' title='bbox 1148 3402 1182 3464; x_wconf 91' lang='lat' dir='ltr'><strong>in</strong></span> <span class='ocrx_word' id='word_1_311' title='bbox 1216 3403 1307 3484; x_wconf 87' lang='lat' dir='ltr'><strong>cujus</strong></span> <span class='ocrx_word' id='word_1_312' title='bbox 1339 3425 1452 3470; x_wconf 78' lang='lat' dir='ltr'><strong>arena</strong></span> <span class='ocrx_word' id='word_1_313' title='bbox 1482 3409 1680 3498; x_wconf 75' lang='lat' dir='ltr'><strong>&#39;epigraphes</strong></span> 
     </span>
     <span class='ocr_line' id='line_1_29' title="bbox 139 3503 1680 3604; baseline 0 -32"><span class='ocrx_word' id='word_1_314' title='bbox 139 3525 210 3572; x_wconf 87' lang='lat' dir='ltr'><strong>tum</strong></span> <span class='ocrx_word' id='word_1_315' title='bbox 230 3529 313 3572; x_wconf 84' lang='lat' dir='ltr'><strong>max.</strong></span> <span class='ocrx_word' id='word_1_316' title='bbox 332 3507 474 3571; x_wconf 83' lang='lat' dir='ltr'><strong>abstulit.</strong></span> <span class='ocrx_word' id='word_1_317' title='bbox 934 3505 1216 3572; x_wconf 72' lang='lat' dir='ltr'><strong>tttncsshhvs.</strong></span> <span class='ocrx_word' id='word_1_318' title='bbox 1233 3503 1345 3602; x_wconf 64' lang='grc' dir='ltr'><strong>Ι008.</strong></span> <span class='ocrx_word' id='word_1_319' title='bbox 1371 3506 1530 3604; x_wconf 69' lang='lat' dir='ltr'><strong>QVINQ.</strong></span> <span class='ocrx_word' id='word_1_320' title='bbox 1566 3527 1680 3598; x_wconf 73' lang='lat' dir='ltr'><strong>typna:</strong></span> 
     </span>
    </p>
   </div>
   <div class='ocr_carea' id='block_1_3' title="bbox 119 3925 1681 4090">
    <p class='ocr_par' dir='ltr' id='par_1_3' title="bbox 119 3925 1681 4090">
     <span class='ocr_line' id='line_1_30' title="bbox 175 3925 1681 4076; baseline 0.006 -92"><span class='ocrx_word' id='word_1_321' title='bbox 175 3925 524 4076; x_wconf 55' lang='lat' dir='ltr'><strong>a)Plutiu1i&#39;allp.Max.</strong></span> <span class='ocrx_word' id='word_1_322' title='bbox 598 3925 863 4003; x_wconf 76' lang='lat' dir='ltr'><strong>h)1..m.c.3.</strong></span> <span class='ocrx_word' id='word_1_323' title='bbox 936 3925 1319 4002; x_wconf 76' lang='lat' dir='ltr'><strong>a)catitin.0rar.1.ar.</strong></span> <span class='ocrx_word' id='word_1_324' title='bbox 1394 3929 1436 4003; x_wconf 81' lang='lat' dir='ltr'><strong>d)</strong></span> <span class='ocrx_word' id='word_1_325' title='bbox 1453 3929 1529 3988; x_wconf 84' lang='lat' dir='ltr'><strong>Bell.</strong></span> <span class='ocrx_word' id='word_1_326' title='bbox 1540 3931 1599 3990; x_wconf 80' lang='lat' dir='ltr'><strong>eia.</strong></span> <span class='ocrx_word' id='word_1_327' title='bbox 1611 3933 1681 3993; x_wconf 64' lang='lat' dir='ltr'><strong>lal.</strong></span> 
     </span>
     <span class='ocr_line' id='line_1_31' title="bbox 119 4021 663 4090; baseline 0.009 -12"><span class='ocrx_word' id='word_1_328' title='bbox 119 4023 224 4085; x_wconf 74' lang='lat' dir='ltr'><strong>&#39;c.16·</strong></span> <span class='ocrx_word' id='word_1_329' title='bbox 303 4021 335 4090; x_wconf 66' lang='grc' dir='ltr'><strong>θ)</strong></span> <span class='ocrx_word' id='word_1_330' title='bbox 381 4029 511 4082; x_wconf 66' lang='grc' dir='ltr'>ιιῦιό·</span> <span class='ocrx_word' id='word_1_331' title='bbox 658 4027 663 4042; x_wconf 87' lang='grc'>’</span> 
     </span>
    </p>
   </div>
   <div class='ocr_carea' id='block_1_4' title="bbox 121 4207 1682 4654">
    <p class='ocr_par' dir='ltr' id='par_1_4' title="bbox 175 4207 1682 4380">
     <span class='ocr_line' id='line_1_32' title="bbox 175 4207 1682 4294; baseline 0.004 -23"><span class='ocrx_word' id='word_1_332' title='bbox 175 4214 206 4288; x_wconf 81' lang='lat'><strong>&#39;)</strong></span> <span class='ocrx_word' id='word_1_333' title='bbox 225 4215 308 4286; x_wconf 82' lang='lat' dir='ltr'><strong>Quae</strong></span> <span class='ocrx_word' id='word_1_334' title='bbox 323 4211 361 4269; x_wconf 91' lang='lat' dir='ltr'><strong>de</strong></span> <span class='ocrx_word' id='word_1_335' title='bbox 375 4209 514 4289; x_wconf 83' lang='lat' dir='ltr'><strong>Scipione</strong></span> <span class='ocrx_word' id='word_1_336' title='bbox 528 4223 591 4270; x_wconf 83' lang='lat' dir='ltr'><strong>tmu</strong></span> <span class='ocrx_word' id='word_1_337' title='bbox 605 4211 739 4268; x_wconf 88' lang='lat' dir='ltr'><strong>noudum</strong></span> <span class='ocrx_word' id='word_1_338' title='bbox 752 4209 894 4288; x_wconf 83' lang='lat' dir='ltr'><strong>pontifice</strong></span> <span class='ocrx_word' id='word_1_339' title='bbox 910 4227 985 4266; x_wconf 81' lang='lat' dir='ltr'><strong>maa.</strong></span> <span class='ocrx_word' id='word_1_340' title='bbox 1002 4207 1150 4278; x_wconf 80' lang='lat' dir='ltr'><strong>dixeram,</strong></span> <span class='ocrx_word' id='word_1_341' title='bbox 1164 4213 1258 4269; x_wconf 86' lang='lat' dir='ltr'><strong>serius</strong></span> <span class='ocrx_word' id='word_1_342' title='bbox 1273 4213 1360 4270; x_wconf 68' lang='grc' dir='ltr'><strong>ιῑὶοιιι</strong></span> <span class='ocrx_word' id='word_1_343' title='bbox 1376 4209 1516 4272; x_wconf 82' lang='lat' dir='ltr'><strong>al’itisco</strong></span> <span class='ocrx_word' id='word_1_344' title='bbox 1530 4215 1682 4294; x_wconf 85' lang='lat' dir='ltr'><strong>praeclare</strong></span> 
     </span>
     <span class='ocr_line' id='line_1_33' title="bbox 216 4301 1680 4380; baseline 0.003 -20"><span class='ocrx_word' id='word_1_345' title='bbox 216 4303 388 4362; x_wconf 83' lang='lat' dir='ltr'><strong>confirmata</strong></span> <span class='ocrx_word' id='word_1_346' title='bbox 400 4301 508 4380; x_wconf 82' lang='lat' dir='ltr'><strong>reperi.</strong></span> <span class='ocrx_word' id='word_1_347' title='bbox 529 4303 613 4374; x_wconf 82' lang='lat' dir='ltr'><strong>(Lex.</strong></span> <span class='ocrx_word' id='word_1_348' title='bbox 628 4302 663 4358; x_wconf 83' lang='lat' dir='ltr'><strong>T.</strong></span> <span class='ocrx_word' id='word_1_349' title='bbox 674 4301 710 4359; x_wconf 90' lang='lat'><strong>11.</strong></span> <span class='ocrx_word' id='word_1_350' title='bbox 724 4321 756 4378; x_wconf 89' lang='lat' dir='ltr'><strong>p.</strong></span> <span class='ocrx_word' id='word_1_351' title='bbox 764 4303 842 4374; x_wconf 72' lang='lat'>467.)</span> <span class='ocrx_word' id='word_1_352' title='bbox 866 4303 905 4358; x_wconf 76' lang='lat' dir='ltr'><strong>At</strong></span> <span class='ocrx_word' id='word_1_353' title='bbox 919 4301 996 4358; x_wconf 86' lang='lat' dir='ltr'><strong>euim</strong></span> <span class='ocrx_word' id='word_1_354' title='bbox 1010 4301 1219 4376; x_wconf 57' lang='lat' dir='ltr'><strong>apolinaristae</strong></span> <span class='ocrx_word' id='word_1_355' title='bbox 1233 4301 1351 4362; x_wconf 87' lang='lat' dir='ltr'><strong>loeutus</strong></span> <span class='ocrx_word' id='word_1_356' title='bbox 1363 4303 1538 4363; x_wconf 69' lang='lat' dir='ltr'><strong>Plutarchus</strong></span> <span class='ocrx_word' id='word_1_357' title='bbox 1555 4305 1615 4365; x_wconf 87' lang='lat' dir='ltr'><strong>dici</strong></span> <span class='ocrx_word' id='word_1_358' title='bbox 1630 4327 1680 4365; x_wconf 89' lang='lat' dir='ltr'><strong>ne·</strong></span> 
     </span>
    </p>

    <p class='ocr_par' dir='ltr' id='par_1_5' title="bbox 121 4381 1681 4654">
     <span class='ocr_line' id='line_1_34' title="bbox 121 4381 1681 4472; baseline 0.004 -23"><span class='ocrx_word' id='word_1_359' title='bbox 121 4445 126 4456; x_wconf 88' lang='grc'><strong><em>,</em></strong></span> <span class='ocrx_word' id='word_1_360' title='bbox 215 4381 292 4470; x_wconf 65' lang='lat' dir='ltr'><strong>spuit,</strong></span> <span class='ocrx_word' id='word_1_361' title='bbox 312 4392 362 4469; x_wconf 86' lang='lat' dir='ltr'><strong>qni</strong></span> <span class='ocrx_word' id='word_1_362' title='bbox 380 4391 488 4448; x_wconf 84' lang='lat' dir='ltr'><strong>diserte</strong></span> <span class='ocrx_word' id='word_1_363' title='bbox 505 4401 619 4460; x_wconf 88' lang='lat' dir='ltr'><strong>narrat,</strong></span> <span class='ocrx_word' id='word_1_364' title='bbox 636 4391 775 4450; x_wconf 77' lang='lat' dir='ltr'><strong>Nasicam</strong></span> <span class='ocrx_word' id='word_1_365' title='bbox 791 4410 848 4467; x_wconf 84' lang='lat' dir='ltr'><strong>per</strong></span> <span class='ocrx_word' id='word_1_366' title='bbox 855 4391 1050 4452; x_wconf 83' lang='lat' dir='ltr'><strong>&#39;Gracchanas</strong></span> <span class='ocrx_word' id='word_1_367' title='bbox 1064 4393 1119 4452; x_wconf 87' lang='lat' dir='ltr'><strong>has</strong></span> <span class='ocrx_word' id='word_1_368' title='bbox 1132 4391 1236 4452; x_wconf 84' lang='lat' dir='ltr'><strong>turbas</strong></span> <span class='ocrx_word' id='word_1_369' title='bbox 1253 4393 1342 4452; x_wconf 85' lang='lat' dir='ltr'><strong>luiaae</strong></span> <span class='ocrx_word' id='word_1_370' title='bbox 1354 4396 1526 4472; x_wconf 79' lang='lat' dir='ltr'><strong>pontificem</strong></span> <span class='ocrx_word' id='word_1_371' title='bbox 1540 4415 1617 4456; x_wconf 86' lang='lat' dir='ltr'><strong>maa.</strong></span> <span class='ocrx_word' id='word_1_372' title='bbox 1636 4401 1681 4472; x_wconf 91' lang='lat' dir='ltr'><strong>(in</strong></span> 
     </span>
     <span class='ocr_line' id='line_1_35' title="bbox 121 4479 1681 4566; baseline 0.007 -27"><span class='ocrx_word' id='word_1_373' title='bbox 121 4547 126 4556; x_wconf 48' lang='lat'><em>‚</em></span> <span class='ocrx_word' id='word_1_374' title='bbox 216 4481 261 4540; x_wconf 82' lang='lat' dir='ltr'><strong>Ti.</strong></span> <span class='ocrx_word' id='word_1_375' title='bbox 276 4480 404 4538; x_wconf 88' lang='lat' dir='ltr'><strong>Gracch.</strong></span> <span class='ocrx_word' id='word_1_376' title='bbox 418 4502 446 4538; x_wconf 89' lang='lat' dir='ltr'><strong>c.</strong></span> <span class='ocrx_word' id='word_1_377' title='bbox 459 4479 526 4554; x_wconf 90' lang='lat' dir='ltr'><strong>ult.)</strong></span> <span class='ocrx_word' id='word_1_378' title='bbox 550 4479 740 4540; x_wconf 74' lang='lat' dir='ltr'><strong>Plutarchum</strong></span> <span class='ocrx_word' id='word_1_379' title='bbox 760 4481 829 4538; x_wconf 87' lang='lat' dir='ltr'><strong>satis</strong></span> <span class='ocrx_word' id='word_1_380' title='bbox 847 4483 984 4558; x_wconf 72' lang='lat' dir='ltr'><strong>coarguit</strong></span> <span class='ocrx_word' id='word_1_381' title='bbox 998 4484 1201 4542; x_wconf 84' lang='lat' dir='ltr'><strong>testimouium</strong></span> <span class='ocrx_word' id='word_1_382' title='bbox 1214 4481 1339 4560; x_wconf 81' lang='lat' dir='ltr'><strong>Velleji,</strong></span> <span class='ocrx_word' id='word_1_383' title='bbox 1356 4498 1419 4544; x_wconf 90' lang='lat' dir='ltr'><strong>tum</strong></span> <span class='ocrx_word' id='word_1_384' title='bbox 1437 4487 1520 4566; x_wconf 89' lang='lat' dir='ltr'><strong>quod</strong></span> <span class='ocrx_word' id='word_1_385' title='bbox 1533 4489 1681 4566; x_wconf 67' lang='lat' dir='ltr'><strong>probate·</strong></span> 
     </span>
     <span class='ocr_line' id='line_1_36' title="bbox 216 4571 1681 4654; baseline 0.008 -26"><span class='ocrx_word' id='word_1_386' title='bbox 216 4591 295 4640; x_wconf 87' lang='lat' dir='ltr'><strong>ram,</strong></span> <span class='ocrx_word' id='word_1_387' title='bbox 309 4591 350 4628; x_wconf 85' lang='lat' dir='ltr'><strong>ea</strong></span> <span class='ocrx_word' id='word_1_388' title='bbox 367 4581 539 4646; x_wconf 83' lang='lat' dir='ltr'><strong>tempestate</strong></span> <span class='ocrx_word' id='word_1_389' title='bbox 556 4572 696 4629; x_wconf 79' lang='lat' dir='ltr'><strong>Crassum</strong></span> <span class='ocrx_word' id='word_1_390' title='bbox 710 4572 802 4630; x_wconf 82' lang='lat' dir='ltr'><strong>luisse</strong></span> <span class='ocrx_word' id='word_1_391' title='bbox 813 4571 987 4648; x_wconf 84' lang='lat' dir='ltr'><strong>pontificem</strong></span> <span class='ocrx_word' id='word_1_392' title='bbox 1001 4594 1095 4643; x_wconf 69' lang='lat' dir='ltr'><strong>maa,</strong></span> <span class='ocrx_word' id='word_1_393' title='bbox 1114 4574 1242 4654; x_wconf 84' lang='lat' dir='ltr'><strong>denique</strong></span> <span class='ocrx_word' id='word_1_394' title='bbox 1253 4577 1341 4654; x_wconf 79' lang='lat' dir='ltr'><strong>‘quod</strong></span> <span class='ocrx_word' id='word_1_395' title='bbox 1351 4575 1475 4645; x_wconf 78' lang='lat' dir='ltr'><strong>Cicero,</strong></span> <span class='ocrx_word' id='word_1_396' title='bbox 1493 4579 1550 4636; x_wconf 87' lang='lat' dir='ltr'><strong>etai</strong></span> <span class='ocrx_word' id='word_1_397' title='bbox 1562 4599 1681 4638; x_wconf 78' lang='lat' dir='ltr'><strong>caesum</strong></span> 
     </span>
    </p>
   </div>
   <div class='ocr_carea' id='block_1_5' title="bbox 218 4661 1804 4748">
    <p class='ocr_par' dir='ltr' id='par_1_6' title="bbox 218 4661 1804 4748">
     <span class='ocr_line' id='line_1_37' title="bbox 218 4661 1804 4748; baseline 0.006 -31"><span class='ocrx_word' id='word_1_398' title='bbox 218 4679 235 4716; x_wconf 87' lang='lat' dir='ltr'><strong>a</strong></span> <span class='ocrx_word' id='word_1_399' title='bbox 251 4661 391 4738; x_wconf 83' lang='lat' dir='ltr'><strong>Scipione</strong></span> <span class='ocrx_word' id='word_1_400' title='bbox 407 4673 489 4738; x_wconf 88' lang='lat' dir='ltr'><strong>punt.</strong></span> <span class='ocrx_word' id='word_1_401' title='bbox 505 4683 579 4722; x_wconf 83' lang='lat' dir='ltr'><strong>max.</strong></span> <span class='ocrx_word' id='word_1_402' title='bbox 594 4661 763 4720; x_wconf 84' lang='lat' dir='ltr'><strong>Gracchum</strong></span> <span class='ocrx_word' id='word_1_403' title='bbox 779 4661 913 4731; x_wconf 75' lang='lat' dir='ltr'><strong>adserat,</strong></span> <span class='ocrx_word' id='word_1_404' title='bbox 932 4661 1022 4722; x_wconf 85' lang='lat' dir='ltr'><strong>addat</strong></span> <span class='ocrx_word' id='word_1_405' title='bbox 1034 4679 1150 4724; x_wconf 79' lang='lat' dir='ltr'><strong>tamem</strong></span> <span class='ocrx_word' id='word_1_406' title='bbox 1171 4667 1303 4740; x_wconf 75' lang='lat' dir='ltr'><strong>priuato,</strong></span> <span class='ocrx_word' id='word_1_407' title='bbox 1321 4663 1403 4746; x_wconf 86' lang='lat' dir='ltr'><strong>quod</strong></span> <span class='ocrx_word' id='word_1_408' title='bbox 1418 4665 1455 4724; x_wconf 82' lang='lat' dir='ltr'><strong>dc</strong></span> <span class='ocrx_word' id='word_1_409' title='bbox 1470 4667 1590 4728; x_wconf 80' lang='lat' dir='ltr'><strong>homine</strong></span> <span class='ocrx_word' id='word_1_410' title='bbox 1604 4686 1680 4748; x_wconf 86' lang='lat' dir='ltr'><strong>pou·</strong></span> <span class='ocrx_word' id='word_1_411' title='bbox 1796 4699 1804 4710; x_wconf 92' lang='lat'>·</span> 
     </span>
    </p>
   </div>
   <div class='ocr_carea' id='block_1_6' title="bbox 216 4751 1684 4902">
    <p class='ocr_par' dir='ltr' id='par_1_7' title="bbox 216 4751 1684 4902">
     <span class='ocr_line' id='line_1_38' title="bbox 216 4751 1684 4900; baseline 0.007 -92"><span class='ocrx_word' id='word_1_412' title='bbox 216 4751 295 4900; x_wconf 43' lang='lat' dir='ltr'><strong>tiliae</strong></span> <span class='ocrx_word' id='word_1_413' title='bbox 316 4751 444 4900; x_wconf 52' lang='lat' dir='ltr'><strong>reprimo</strong></span> <span class='ocrx_word' id='word_1_414' title='bbox 463 4753 524 4813; x_wconf 87' lang='lat' dir='ltr'><strong>diei</strong></span> <span class='ocrx_word' id='word_1_415' title='bbox 542 4753 591 4814; x_wconf 79' lang='lat' dir='ltr'><strong>aia</strong></span> <span class='ocrx_word' id='word_1_416' title='bbox 607 4761 715 4831; x_wconf 82' lang='lat' dir='ltr'><strong>puteat.</strong></span> <span class='ocrx_word' id='word_1_417' title='bbox 746 4753 813 4811; x_wconf 82' lang='lat' dir='ltr'><strong>llcn</strong></span> <span class='ocrx_word' id='word_1_418' title='bbox 832 4751 963 4813; x_wconf 76' lang='lat' dir='ltr'><strong>advertit</strong></span> <span class='ocrx_word' id='word_1_419' title='bbox 983 4755 1041 4818; x_wconf 90' lang='lat' dir='ltr'><strong>hoc</strong></span> <span class='ocrx_word' id='word_1_420' title='bbox 1062 4755 1195 4836; x_wconf 83' lang='lat' dir='ltr'><strong>sphalma</strong></span> <span class='ocrx_word' id='word_1_421' title='bbox 1212 4755 1359 4819; x_wconf 79' lang='lat' dir='ltr'><strong>Rualdum</strong></span> <span class='ocrx_word' id='word_1_422' title='bbox 1375 4759 1518 4819; x_wconf 81' lang='lat' dir='ltr'><strong>immitem</strong></span> <span class='ocrx_word' id='word_1_423' title='bbox 1532 4757 1684 4822; x_wconf 77' lang='lat' dir='ltr'><strong>Plutarchi</strong></span> 
     </span>
     <span class='ocr_line' id='line_1_39' title="bbox 245 4853 1441 4902; baseline 0.004 -2"><span class='ocrx_word' id='word_1_424' title='bbox 245 4853 348 4902; x_wconf 82' lang='lat' dir='ltr'><strong>natare</strong></span> <span class='ocrx_word' id='word_1_425' title='bbox 371 4859 430 4901; x_wconf 90' lang='lat' dir='ltr'><strong>um.</strong></span> <span class='ocrx_word' id='word_1_426' title='bbox 1435 4871 1441 4882; x_wconf 92' lang='lat'><strong>·</strong></span> 
     </span>
    </p>
   </div>
   <div class='ocr_carea' id='block_1_7' title="bbox 0 0 2115 5500">
    <p class='ocr_par' dir='ltr' id='par_1_8' title="bbox 0 0 2115 5500">
     <span class='ocr_line' id='line_1_40' title="bbox 0 0 2115 5500; baseline 0 0"><span class='ocrx_word' id='word_1_427' title='bbox 0 0 2115 5500; x_wconf 95' lang='lat' dir='ltr'><strong> </strong></span> 
     </span>
    </p>
   </div>
  </div>
 </body>
</html>
