4184 5500
382 571 452 652 nt
579 575 582 584 ·
917 565 1374 682 anonaaottnua

379 751 475 823 atque
498 735 598 800 iidem
620 756 720 821 penos
744 733 828 800 scitu
850 733 947 820 digna
969 737 1121 816 attulere,
1179 735 1264 820 gulis
1284 735 1364 798 dere
1394 729 1519 818 paginis
1548 731 1589 798 als
1618 731 1846 818 Hateraampo
1881 729 1932 796 irs·

378 859 460 924 qaae
487 858 554 902 non
579 851 653 902 ante
675 860 695 902 a
716 857 843 903 summo
864 836 929 904 ltuc
949 838 1022 904 siro
1043 839 1123 903 inis·
1178 837 1311 902 calcari.
1348 836 1439 931 Quid
1465 834 1553 921 quod
1580 847 1615 900 et
1641 849 1778 900 testatur
1796 834 1934 899 Bandu-

378 951 450 1003 sent
480 958 678 1024 praemonst.
727 940 860 1008 Vellem
889 954 1017 1018 tumen,
1055 961 1121 1018 non
1177 940 1263 1017 rins,
1288 940 1467 1024 plerosque
1490 957 1630 1020 negare,
1652 937 1932 1006 Vaillantiumiis

376 1059 478 1126 panca
497 1039 636 1105 absurda
652 1061 691 1106 ac
707 1040 825 1105 frivola
844 1043 1013 1120 abessent,
1036 1061 1121 1128 qnae
1177 1039 1318 1120 artibus,
1363 1058 1447 1123 quse
1480 1038 1514 1099 in
1542 1039 1725 1122 antiquario
1756 1041 1931 1126 requirnn-

297 1163 305 1190 ν
375 1143 580 1226 praeclarum
607 1141 671 1206 hoc
699 1161 781 1228 opas
807 1143 1019 1209 dedecorant.
1059 1146 1122 1208 Rs·
1179 1155 1250 1217 tur,
1272 1141 1313 1204 ad
1331 1140 1510 1205 enarranda
1526 1141 1720 1205 numismata
1737 1140 1927 1206 sccemisee.

375 1246 422 1310 ais
448 1245 511 1327 jam
535 1245 606 1327 ejus
633 1244 811 1327 exemplis,
837 1244 948 1308 alteris
970 1244 1053 1307 illud
1074 1259 1122 1328 ty·
1171 1242 1281 1325 (Bibl.
1303 1245 1409 1323 num.)

375 1345 426 1428 pis
447 1343 651 1412 canonis
670 1344 860 1412 Ps'rtuvs
882 1344 1120 1426 restituendum
1240 1343 1448 1408 ANDREAS
1471 1341 1742 1412 uouemus,
1783 1342 1928 1432 Thesau-
1968 1389 1974 1404 .

376 1447 500 1510 curavit
518 1442 748 1508 Parisiissltd'd
767 1444 884 1508 additis
900 1445 1036 1509 modicis
1054 1440 1120 1509 suis
1176 1466 1236 1508 rus
1260 1441 1502 1520 Manilianas,
1533 1447 1604 1508 sive
1616 1443 1836 1529 familiarum
1863 1444 1929 1504 lie·

376 1545 673 1623 observationibus,
689 1545 875 1632 numisque,
893 1548 948 1634 qui
964 1549 1119 1616 Vrsinum
1176 1565 1351 1608 manarum
1373 1549 1577 1608 numismata
1600 1548 1724 1606 omnia.
1760 1545 1927 1606 Commen-

374 1648 540 1733 iugerunt.
1177 1649 1266 1708 tario
1308 1659 1467 1730 perpetuo
1504 1647 1691 1708 illustrauit
1722 1643 1928 1706 SIGEBER-

438 1748 631 1816 10snuas
659 1745 966 1817 vannanmvs.
1006 1727 1121 1813 'nam
1178 1747 1262 1814 rus
1283 1745 1626 1817 navancanrvs.
1659 1745 1927 1809 Aristaenum

375 1851 509 1934 antiqui
522 1851 741 1932 familiarum
769 1851 991 1914 Romanarum
1010 1873 1121 1934 perpe·
1177 1852 1214 1912 in
1228 1849 1299 1932 sal.

375 1955 443 2017 tuis
469 1953 797 2036 interpretationibus
820 1954 999 2017 illustrati.
1036 1954 1127 2016 Am,
1240 1951 1292 2011 Ex
1310 1949 1509 2033 praegrandi
1530 1949 1594 2014 ltee
1616 1969 1719 2033 opere
1737 1950 1828 2014 solae
1848 1951 1926 2014 ima-

372 2053 570 2118 stelardami
590 2053 678 2138 ¹7⁰⁸·
708 2051 797 2118 Tam.
811 2053 857 2115 11.
876 2057 912 2116 in
931 2063 962 2128 4.
1178 2051 1270 2134 gines
1293 2053 1362 2114 seri
1383 2051 1503 2114 incisae
1526 2065 1695 2115 auctorem
1716 2050 1837 2116 habent
1856 2057 1926 2117 Mc-

433 2155 581 2219 Cuinun
601 2155 732 2236 cognita
755 2154 917 2238 praeclari
942 2154 1035 2238 hujus
1059 2153 1121 2220 viri
1173 2152 1325 2228 rellium,
1354 2152 1414 2216 aed
1434 2153 1503 2236 jam
1535 2153 1648 2216 abhis
1671 2154 1808 2218 maxima
1831 2157 1926 2239 operi

373 2257 406 2320 iu
438 2257 621 2319 universam
660 2277 731 2318 rem
764 2253 1018 2321 numismaticam
1053 2277 1121 2320 me·
1177 2253 1256 2318 laus.
1300 2255 1381 2317 Num
1415 2255 1443 2317 si
1473 2255 1574 2318 {idem
1611 2269 1761 2340 spectes,
1798 2257 1925 2319 nullum

373 2357 458 2421 rital
488 2355 555 2420 Sed
580 2371 613 2420 et
640 2357 770 2442 cognita
791 2355 863 2439 ejus
884 2355 917 2418 in
939 2357 1028 2421 omni
1046 2356 1120 2422 lere
1177 2354 1211 2416 in
1233 2356 1356 2420 dilectu
1377 2359 1519 2440 recepit,
1547 2357 1610 2418 nisi
1627 2379 1724 2442 quem
1742 2356 1823 2424 vidit
1842 2359 1925 2442 ipse,

368 2471 566 2541 argumento
598 2472 750 2541 peccata,
788 2477 872 2543 quae
903 2458 932 2523 si
961 2459 994 2520 in
1026 2479 1121 2543 prae·
1176 2470 1232 2520 aut
1258 2455 1372 2522 saltem
1401 2457 1551 2542 probavit
1583 2461 1742 2536 Vrsinus,
1781 2457 1927 2522 Goltziu-

372 2571 466 2624 sente
491 2577 594 2642 opero
619 2561 721 2642 magis
743 2579 837 2644 quam
858 2559 892 2622 in
914 2559 984 2624 aliis
1010 2561 1119 2644 gratia
1176 2559 1227 2619 nis
1250 2559 1398 2623 omnibus
1425 2563 1582 2640 seorsim,
1615 2577 1649 2626 et
1675 2563 1762 2626 inter
1790 2583 1927 2646 apocry-

368 2673 468 2736 sunt,
493 2673 528 2722 et
551 2659 731 2734 cumulate,
756 2661 790 2721 in
813 2679 906 2726 causa
925 2659 1003 2739 fuit,
1031 2661 1120 2748 quod
1176 2663 1259 2742 phos
1290 2659 1397 2728 editis.
1449 2663 1507 2726 Sin
1537 2664 1799 2740 adcurationem,
1839 2663 1923 2725 nihil

373 2761 529 2826 manne
556 2759 798 2826 lucubrationes
831 2761 970 2843 jusserat
997 2775 1118 2843 metus,
1175 2761 1359 2839 iconismia,
1398 2762 1430 2826 si
1461 2785 1582 2848 paucos
1608 2765 1737 2844 demas,
1781 2763 1924 2842 lidelius,

372 2885 415 2930 ne
444 2874 712 2952 praeverteretur
742 2885 761 2928 a
789 2862 945 2928 Morellio
974 2865 1120 2929 eundem
1175 2863 1222 2927 sia
1245 2878 1283 2926 ut
1308 2865 1447 2947 perinde
1463 2863 1529 2944 sit,
1555 2867 1741 2946 hosne,·an
1758 2867 1848 2954 ipsos
1864 2888 1925 2930 nu·

373 2965 522 3034 laboram
548 2963 736 3030 meditante·
771 2965 858 3034 Vide
881 2965 1118 3049 praelationem
1175 2987 1347 3048 mosprae
1370 2967 1632 3047 mulinhusen,
1659 2969 1800 3053 »dempto
1830 2969 1922 3046 solo,

372 3069 590 3154 Hasertampi
614 3065 656 3130 ad
679 3065 816 3132 familias
842 3067 998 3134 Morellii.
1045 3071 1120 3132 Non
1176 3067 1264 3153 qued
1285 3069 1417 3132 illorum
1439 3072 1593 3135 volumen
1616 3072 1790 3154 ampliauit.
1826 3071 1923 3163 Quos

371 3173 405 3236 in
432 3173 497 3238 sliu
525 3170 628 3254 magis
655 3189 758 3254 opere
785 3183 835 3233 tot
860 3170 971 3235 rideas
992 3191 1122 3255 congo-
1174 3169 1298 3234 addere
1316 3171 1388 3254 ipsc
1406 3173 1657 3236 commentarios
1678 3173 1819 3257 nmmum
1836 3195 1923 3238 mor-

372 3287 454 3348 stss,
490 3283 760 3356 coacervataeque
792 3271 1012 3354 conjecturas,
1048 3275 1116 3334 ina·
1174 3271 1241 3349 bis,
1270 3269 1389 3335 deinde
1417 3288 1525 3338 morte
1554 3289 1752 3355 praesentas
1773 3296 1840 3340 non
1863 3295 1920 3360 po·

371 3395 431 3438 nes
450 3371 664 3458 plerumque,
690 3391 727 3434 ao
748 3369 868 3450 debili,
892 3373 1026 3436 nullove
1046 3372 1117 3434 fun·
1173 3373 1251 3449 tuit,
1284 3373 1428 3456 perfecit
1453 3377 1706 3460 Hasarcumpus.
1748 3377 1831 3460 Ejus
1858 3379 1922 3442 riri

373 3475 525 3540 &mento
555 3469 658 3536 nixas.
700 3471 737 3534 ln
765 3471 1002 3548 ltoe,institutc
1028 3473 1117 3560 quod
1173 3474 1354 3538 institutam
1370 3477 1536 3561 ejusmodi
1558 3491 1623 3542 est:
1652 3478 1812 3561 primurm
1831 3501 1920 3565 qnae

370 3575 473 3642 luerit
494 3573 571 3659 ejus
595 3571 790 3649 consilium,
820 3592 1011 3656 perversum
1039 3595 1115 3640 sane
1173 3575 1332 3656 Erisane,
1363 3579 1522 3656 Vrsinus,
1550 3579 1761 3658 Vaillantiua,
1795 3583 1920 3646 Marel-

370 3701 408 3748 sa
430 3673 613 3754 inficetum,
645 3675 762 3759 partim
787 3693 883 3758 supra
910 3675 1014 3756 capito
1028 3679 1115 3744 Vnt.
1174 3678 1255 3756 lius,
1278 3681 1493 3760 Perizonius,
1517 3681 1638 3766 aliique
1652 3683 1686 3744 ia
1701 3681 1849 3768 singulus
1863 3705 1922 3746 nu·

371 3779 518 3867 exposui.
549 3775 705 3854 Accedit,
734 3775 838 3862 quod,
865 3775 998 3840 ubiubi
1025 3791 1117 3862 pote·
1173 3801 1245 3845 mos
1261 3785 1579 3861 commentatisunt,
1609 3784 1746 3848 retentis
1766 3786 1845 3870 ipsis
1867 3805 1921 3850 su·

370 3895 438 3960 rat,
473 3881 625 3966 Pighinm
653 3877 827 3962 compilat,
853 3897 933 3942 raro
956 3879 1115 3944 correctis
1172 3895 1299 3947 ntorum
1317 3885 1426 3950 serbis
1438 3886 1598 3966 restituit;
1614 3907 1687 3948 suas
1700 3885 1825 3950 deinde
1843 3907 1920 3952 con·

370 3985 442 4068 ejus
470 3983 612 4070 peccatis
637 3981 675 4044 in
702 4001 875 4044 numerum
897 3981 1115 4065 explicatione
1171 3983 1312 4068 jacturas
1336 3987 1465 4050 liberali
1495 4009 1592 4050 manu
1614 3987 1812 4066 admetitur,
1851 4010 1922 4052 eas·

368 4087 533 4164 admissis,
570 4098 643 4150 tum
678 4081 767 4170 quod
797 4081 987 4146 Goltaisoos
1021 4082 1112 4148 nullo
1171 4105 1235 4172 que
1258 4088 1366 4172 longis
1390 4101 1540 4152 aeterum
1565 4089 1829 4154 testimoniorum
1853 4112 1920 4154 am·

368 4187 558 4254 ffiscrimine
590 4185 729 4276 pemnde
764 4205 802 4252 sc
834 4185 1048 4271 probissimus
1078 4185 1112 4246 in
1170 4185 1306 4271 bagilsus
1330 4203 1466 4272 utraque
1493 4189 1604 4274 lingas
1632 4191 1776 4256 recitatis
1799 4189 1917 4258 firmm.

368 4291 570 4356 consortium
609 4289 759 4356 admittit.
815 4287 949 4352 Addunt
985 4286 1112 4350 infelici
1168 4289 1280 4354 Habes
1304 4311 1453 4365 aaumm,
1484 4311 1545 4354 aar
1567 4312 1650 4375 opus
1674 4293 1761 4356 istud
1783 4295 1817 4356 in
1844 4315 1917 4358 eant

370 4393 465 4476 uperi
486 4391 678 4457 coronidem
704 4389 856 4455 iconismi
880 4389 1049 4468 inlideles,
1077 4401 1112 4454 et
1168 4391 1291 4455 molem
1330 4393 1525 4456 excreverit.
1575 4393 1787 4462 Vsillsutium
1826 4397 1915 4483 quud

369 4495 470 4580 longe
505 4513 603 4578 nepe
635 4492 679 4556 ab
711 4493 964 4578 archetyporum
1000 4491 1112 4558 habitu
1167 4505 1329 4578 perpetuo
1366 4494 1516 4578 sugillat,
1558 4505 1596 4558 nt
1628 4495 1702 4578 jure
1741 4495 1830 4562 istud
1868 4497 1916 4562 ie·

367 4597 570 4661 sbemntes.
608 4595 683 4656 Non
712 4593 867 4659 auderem
894 4595 941 4659 sic
968 4593 1011 4658 de
1039 4597 1111 4660 viro
1168 4595 1251 4660 aisse
1270 4594 1375 4658 rideri
1393 4610 1519 4680 potem,
1540 4597 1587 4661 sic
1608 4597 1788 4682 culpandus
1809 4613 1913 4671 certe,

367 4713 419 4762 tot
436 4697 476 4762 ab
493 4711 563 4762 srte
580 4709 691 4760 nostra
707 4694 822 4780 pslmis
838 4695 942 4759 nobili
956 4695 1111 4780 judicare,
1167 4695 1254 4780 quod
1278 4695 1394 4760 iisdem
1420 4717 1455 4760 se
1482 4699 1640 4782 peccatis,
1666 4721 1750 4786 quae
1773 4699 1808 4764 in
1828 4703 1916 4770 Vsil·

368 4801 430 4866 nisi
459 4799 623 4876 viderem,
653 4797 785 4864 easdem
807 4797 1027 4884 querimonias
1048 4799 1112 4862 siu·
1167 4797 1267 4862 lautia
1302 4797 1536 4884 reprehendit,
1577 4817 1742 4886 perpetuo
1779 4803 1914 4890 obliget.
