4180 5484
443 570 515 637 238
687 635 689 639 v
1124 542 1354 619 noema.

445 737 609 806 papavere
644 717 849 802 colligatum,
888 734 950 781 eeu
984 735 1100 780 numus
1131 715 1188 784 tv.
1247 709 1427 780 verisimile
1477 731 1626 796 prorsus.
1661 711 1810 792 ridetur,
1869 713 1987 780 alteras

446 823 499 886 Ad
521 823 603 886 hasa
625 831 767 894 constat,
790 815 935 881 Lollium
958 830 1025 880 tum
1050 818 1192 902 primum
1248 834 1378 898 qnoque
1402 812 1462 882 hos
1494 833 1611 877 numos
1631 811 1759 878 ,deberi
1782 815 1988 898 Cyrenaicae,

444 925 480 986 in
501 921 701 1006 provinciam
724 922 876 995 missum,
901 919 991 1001 cujus
1015 940 1136 983 nomen
1156 918 1191 980 in
1249 928 1284 980 et
1312 915 1412 980 luisse
1441 913 1523 978 adeo
1551 917 1689 978 Lucium
1716 920 1821 981 Marci
1851 932 1908 983 ant
1929 919 1989 982 lra-

447 1025 482 1092 id
501 1021 953 1108 genusnumispcspetuum.
979 1020 1192 1107 Verumqui·
1248 1031 1351 1093 trem,
1397 1029 1452 1080 eut
1493 1017 1723 1100 propinquum.
1777 1019 1862 1085 Sunt
1907 1024 1989 1084 euim

448 1127 561 1204 (lem,
580 1127 626 1186 ait
646 1122 818 1184 Mosellius
839 1123 873 1182 in
895 1124 960 1186 suis
989 1123 1030 1186 ad
1058 1123 1193 1186 Perizo·
1236 1119 1378 1202 ..utrique
1399 1116 1550 1182 -fabricae
1579 1119 1715 1196 similis,
1747 1121 1930 1206 epigraphe
1957 1123 1990 1184 iu

448 1227 539 1289 nium
556 1222 733 1310 quaesitis,
761 1221 905 1284 Lollium
932 1223 1018 1286 hunc
1037 1247 1055 1286 u
1072 1223 1191 1286 liuline
1248 1219 1361 1284 citeris
1397 1238 1527 1304 qnoque
1560 1219 1622 1301 jam
1654 1219 1797 1298 Graeca,
1835 1222 1901 1304 jam
1930 1225 1988 1288 La·

451 1327 517 1392 diei
546 1329 711 1399 Marcum,
755 1343 853 1408 quem
888 1337 997 1386 tamen
1034 1326 1125 1388 numi
1157 1324 1192 1386 lsi
1249 1321 1331 1396 tina,
1356 1320 1404 1382 uti
1430 1333 1463 1383 et
1488 1321 1626 1403 perinde
1642 1335 1738 1384 nome
1755 1323 1990 1390 arithmeticae.

448 1449 563 1492 omnes
597 1424 733 1486 Lucium
774 1423 897 1486 diserte
935 1424 1117 1508 appellant,
1143 1437 1192 1486 at
1249 1424 1300 1486 Ex
1322 1421 1426 1504 typis,
1463 1415 1775 1505 quorum'nonnnlli
1798 1443 1874 1486 cnm
1900 1425 1989 1488 Gala·
2077 1443 2078 1450 ¹

447 1542 538 1614 putat
566 1525 710 1610 potuisse
726 1521 886 1586 ¹ilalinum
907 1525 1004 1587 facile
1035 1524 1069 1586 in
1096 1543 1190 1606 prae·
1247 1524 1319 1588 ticis
1337 1522 1544 1606 conspirant,
1565 1523 1648 1586 nihil
1669 1545 1872 1609 magnopere
1892 1523 1989 1589 subsi-

447 1629 580 1693 nomine
598 1645 747 1710 peccare.
785 1624 949 1717 Quocirca
970 1626 1042 1709 jure
1060 1639 1189 1703 censet,
1248 1624 1310 1701 dii,
1339 1643 1428 1720 ⁸narn.
1444 1623 1565 1701 Diana,
1597 1637 1633 1686 et
1660 1627 1860 1708 symbolicos
1890 1630 1990 1693 lelici·

429 1751 545 1817 ·posse
575 1729 634 1790 hos
663 1746 777 1790 numos
808 1727 971 1790 Galaticos
1001 1727 1189 1790 existimari.
1247 1726 1321 1814 tatis
1342 1738 1436 1807 typus
1452 1724 1486 1786 in
1505 1726 1765 1813 qualemcunque
1789 1729 1987 1812 provinciana

448 1841 492 1897 At
511 1828 705 1895 Perizonius
736 1847 884 1912 magnam
913 1828 946 1890 in
976 1828 1188 1912 praenomine
1247 1827 1412 1911 jussuum
1434 1826 1625 1910 porrigunt,
1647 1827 1776 1892 dromas
1799 1850 1882 1896 vero
1903 1833 1988 1894 numi

446 1935 514 1998 sim
543 1929 692 2016 reponit3
719 1949 809 2006 nam,
839 1930 899 2004 ait,
927 1929 1071 1991 Lollium
1102 1930 1189 1990 hune
1246 1930 1302 1994 Vl.
1329 1927 1446 1990 animal
1482 1927 1585 2010 magis
1620 1929 1753 1992 Africae
1801 1933 1988 2016 proprium,

426 2056 513 2097 ·nou
538 2044 765 2096 constantem
790 2029 946 2106 Rufinus,
973 2029 1032 2090 sed
1055 2048 1190 2103 omnes,
1247 2050 1342 2115 qnam
1377 2027 1430 2089 illi
1460 2027 1559 2092 Asiae
1589 2031 1726 2106 tractui,
1770 2031 1804 2092 in
1824 2053 1898 2117 vqua
1933 2034 1989 2098 sits

448 2134 618 2208 Velleius,
647 2130 841 2214 Eutropius,
871 2130 1085 2212 Obsequens,
1115 2130 1191 2193 Cas·
1247 2127 1383 2193 Galatia.
1425 2129 1516 2192 Haec
1539 2147 1620 2212 ergo
1641 2147 1835 2214 argumenta
1862 2135 1991 2218 conjm.

446 2235 617 2311 siodurus,
647 2233 717 2316 ipsa
739 2231 848 2294 tabula
872 2231 1069 2318 Collctiana,
1095 2241 1128 2291 et
1146 2229 1190 2290 la·
1244 2221 1300 2294 ¹eta
1321 2251 1396 2294 cum
1426 2249 1483 2308 ec,
1514 2231 1601 2315 quod
1623 2244 1918 2299 tamen-'auctores
1937 2238 1991 2300 ali·
2077 2289 2078 2294 ,

447 2337 498 2422 pis
521 2334 656 2397 Gruteri
681 2338 709 2416 Ι)
735 2336 883 2396 Marcum
906 2343 1032 2393 vocant.
1079 2327 1191 2421 Quare
1249 2331 1305 2417 qni
1334 2331 1479 2393 Galatiae
1509 2331 1715 2414 praefectum
1744 2356 1812 2399 nou
1840 2337 1991 2414 Lucium,

450 2437 573 2502 mavult
602 2455 718 2498 numos
740 2453 872 2509 omnes,
906 2431 962 2516 qui
988 2431 1027 2494 L.
1047 2429 1191 2492 Lollium
1250 2431 1310 2498 sed
1325 2435 1472 2494 Marcum
1487 2434 1673 2513 nominant,
1698 2435 1778 2517 (nisi
1797 2435 1887 2500 forte
1914 2439 1991 2506 velis

448 2537 651 2612 inscribunt,
696 2535 731 2594 in
769 2535 979 2616 Cyrenaicum
1023 2549 1190 2616 revocure·
1249 2533 1432 2617 conjicere,
1450 2534 1588 2596 Lucium
1600 2539 1712 2600 Marco
1729 2538 1917 2618 seniaatri,
1936 2563 1992 2605 sea

450 2644 576 2703 Tamen
605 2638 639 2696 in
662 2635 721 2696 hac
744 2653 838 2696 causa
866 2633 974 2694 miuus
1002 2631 1191 2694 accuratum
1249 2635 1437 2720 propinquo
1457 2634 1491 2696 in
1513 2635 1658 2700 Galatiae
1690 2641 1854 2724 regimine
1888 2663 1994 2706 seces·
2077 2641 2078 2712 f

448 2738 547 2808 rideo
576 2731 805 2806 Peri'zonium,
835 2753 909 2794 nam
938 2733 1095 2816 pleraque
1126 2751 1194 2794 mo·
1229 2739 1348 2820 aisse)
1366 2757 1480 2799 eorum
1496 2737 1923 2820 certetsnnrsemensiae,
1939 2743 1994 2828 qai
2077 2729 2078 2790 ss

451 2853 625 2915 numento,
673 2855 755 2918 quae
800 2833 896 2911 citat,
938 2832 1083 2896 Lollium
1126 2832 1194 2917 qui·
1250 2859 1366 2900 numos
1401 2837 1462 2899 hos
1493 2837 1631 2922 perinde
1664 2840 1839 2908 Africanos
1873 2859 1992 2928 putant.

426 2945 527 3008 ·‹lem
555 2945 703 3005 Marcum
735 2933 863 3014 dicunt,
902 2948 935 2999 at
970 2955 1038 2997 non
1072 2932 1195 2998 addunt
1252 2938 1352 3030 Quod
1391 2937 1432 3001 ad
1469 2952 1562 3002 notas
1601 2940 1824 3006 arithmeticas
1869 2947 1993 3020 attinet,

452 3045 578 3121 omnia,
604 3041 720 3104 luisse
752 3059 827 3103 eum
859 3037 946 3101 bunc
980 3037 1103 3122 ipsum,
1138 3035 1194 3120 qni
1251 3039 1383 3123 conjicit
1404 3041 1669 3124 Hasereampns,
1705 3044 1823 3107 iisdem
1856 3047 1994 3112 indicari
2077 3037 2078 3082 ἕ

452 3147 597 3213 Galatiae
632 3142 818 3228 praelectus
850 3140 931 3217 init,
971 3137 1059 3222 quod
1085 3151 1193 3202 tamen
1251 3162 1368 3218 annos,
1396 3141 1512 3226 quibua
1530 3143 1881 3228 LolliusCyrenaieae
1904 3171 1994 3234 pne·
2077 3169 2078 3202 t

452 3248 593 3312 maxime
622 3242 824 3330 probandum
853 3242 971 3308 lucrat.
1014 3241 1095 3304 Nam
1127 3259 1193 3302 non
1251 3243 1331 3318 luit,
1361 3263 1501 3328 cumque
1528 3263 1630 3306 annus
1660 3244 1695 3306 in
1718 3245 1758 3308 iia
1781 3249 1823 3309 tz
1853 3265 1995 3330 notetur,

453 3367 626 3431 negamus,
656 3345 756 3406 luisse
786 3344 910 3406 circum
936 3343 1018 3404 haec
1045 3355 1194 3423 tempora
1252 3342 1322 3427 ejus
1336 3343 1369 3404 in
1387 3343 1448 3407 hac
1466 3345 1633 3428 provincia
1654 3351 1946 3432 commorationem
1964 3355 1995 3414 in

452 3454 600 3512 Marcum
616 3441 935 3528 aliqucm'Lollinm,
960 3462 1080 3525 nempe
1100 3461 1193 3517 eum,
1250 3465 1370 3506 aunum
1384 3445 1485 3512 xvlt.
1516 3461 1722 3530 porrectam,
1750 3451 1829 3536 quin
1851 3467 1887 3517 et
1906 3455 1997 3528 XX..
2077 3475 2078 3552 p

342 3544 345 3554 ’
454 3551 510 3638 qui
526 3551 566 3617 V.
589 3547 625 3612 C.
651 3546 715 3626 733
732 3543 893 3628 processit
914 3544 1047 3621 consul,
1083 3541 1195 3608 mode·
1251 3565 1325 3609 cnm
1343 3545 1376 3608 iu
1395 3545 1493 3608 simili
1513 3545 1644 3631 legatur
1667 3549 1706 3612 li.
1729 3564 1814 3616 teste
1835 3551 1995 3618 Gallsndo

453 3666 545 3718 rator
576 3647 695 3713 deiude
727 3659 761 3710 ct
799 3666 910 3709 comes
941 3646 978 3710 C.
1001 3643 1131 3707 caesari
1160 3641 1194 3704 in
1251 3645 1361 3714 citato.
1399 3649 1443 3712 At
1460 3667 1541 3716 vere
1563 3649 1651 3713 istud
1670 3651 1778 3716 minus
1801 3655 1995 3732 verisimile,

455 3753 615 3822 orientem
631 3749 782 3835 prolecto
799 3745 944 3822 additus,
969 3746 1104 3830 ejusque
1120 3763 1195 3828 pro·
1252 3762 1286 3812 at
1310 3763 1452 3833 praestat
1480 3747 1599 3814 horum
1622 3767 1766 3818 sensum·
1780 3775 1996 3823 numerorum

456 3857 562 3932 alitor,
591 3853 633 3918 de
651 3852 742 3936 cujus
760 3851 893 3912 lortnna
918 3846 1005 3910 varia
1029 3846 1195 3930 congessit
1251 3847 1445 3914 inincertis
1465 3865 1596 3934 putare,
1631 3873 1697 3918 neu
1719 3875 1786 3919 nno
1808 3857 1875 3923 hoc
1898 3861 1934 3921 in
1960 3881 1997 3924 re

453 3958 604 4024 Noriaius
627 3952 672 4037 ¹¹).
712 3956 836 4016 Tamen
858 3949 1001 4034 primum
1025 3949 1112 4012 hnnc
1135 3939 1196 4011 Ga·
1251 3951 1650 4036 numismaticaexemplo.
1677 3956 1730 4018 Ex
1748 3977 1849 4022 numo
1867 3962 1923 4028 111.
1943 3961 2000 4025 do-

452 4061 550 4126 latiae
593 4056 795 4145 praefectum
838 4053 1015 4138 Eutropius
1063 4069 1195 4134 quoque
1253 4073 1383 4128 camur,
1414 4053 1499 4117 hunc
1530 4055 1570 4117 1..
1587 4055 1733 4120 Lollium
1756 4057 1897 4125 indesb
1911 4085 1999 4128 mo

454 4168 604 4230 Marcum
633 4157 794 4242 appellat,
833 4176 1013 4241 quanquam
1042 4167 1133 4216 erret
1162 4153 1196 4214 in
1253 4155 1296 4224 V.
1318 4159 1355 4220 C.
1381 4171 1445 4239 727
1470 4157 1505 4219 iu
1533 4157 1711 4239 Cyrenaica
1740 4161 1890 4240 stetisse,
1925 4185 2002 4228 nam
2077 4169 2078 4178 ’

453 4268 605 4342 nomine,
623 4281 702 4332 ,cum
719 4254 860 4324 Πολλιον
874 4257 1035 4343 appellet,
1051 4275 1113 4339 pro
1132 4275 1197 4340 quo
1254 4257 1318 4322 hoc
1336 4256 1468 4323 demum
1490 4279 1574 4323 anno
1594 4257 1714 4324 Caesar
1735 4261 1876 4347 Augusti
1902 4267 2000 4330 titulo

456 4385 549 4438 certe
577 4359 805 4450 reponendum
825 4353 975 4423 Λολλιον.
1013 4358 1140 4428 Verum
1163 4358 1198 4421 in
1254 4360 1304 4424 nti
1321 4359 1437 4445 coepit.

392 4521 400 4532 .
453 4477 537 4538 haec
549 4486 636 4533 nuuc
651 4461 811 4531 curiosius
826 4481 892 4526 nou
909 4460 1051 4549 inquiro,
1069 4459 1210 4562 qnando

456 4633 1989 4684 ...ΝΜ

490 4785 521 4860 a)
539 4781 610 4862 Peg·
623 4784 683 4849 ¹60·
766 4773 802 4850 b)
823 4776 927 4834 Cenat.
943 4773 999 4833 Pis.
1017 4773 1086 4834 diss.
1100 4769 1137 4840 11.
1160 4789 1185 4832 r.
1198 4779 1241 4835 24.
