4212 5516
1062 529 1257 619 carvr
1293 542 1336 614 n.

425 718 572 802 tiqaitate
595 729 777 802 praestent,
812 717 859 781 sic
885 715 927 778 de
954 734 1032 777 vera
1052 733 1169 777 eorum
1226 725 1304 786 eat,
1324 721 1358 772 et
1380 728 1422 808 ex
1442 709 1588 791 partibus
1613 707 1693 770 aesia
1717 692 1847 771 unicum
1866 727 1883 768 a
1901 707 1981 768 Pas·

426 833 532 884 aetate
557 819 639 880 nihil
663 821 745 882 certi
772 832 882 902 potest
907 817 1078 892 constitui,
1112 817 1169 878 do-
1225 811 1316 875 serio
1342 809 1439 876 rideo
1462 809 1556 874 citari
1584 810 1756 885 trientem,
1786 811 1843 892 qui
1867 809 1981 870 uncias

427 941 491 984 uec
514 919 555 984 ad
578 919 735 985 indicatos
756 943 774 984 a
795 921 904 982 Plinio
927 917 1169 981 imminutione·
1224 913 1283 980 tv.
1314 911 1485 995 appendat.
1526 912 1662 974 Interim
1692 924 1750 988 nt,
1791 909 1880 994 quod
1923 929 1981 971 re-

427 1021 631 1096 delabamnr,
661 1003 701 1082 ad
726 1041 803 1104 quas
825 1019 967 1100 epochas
987 1019 1015 1081 si
1032 1019 1171 1082 velimus
1225 1035 1298 1075 rum
1325 1014 1482 1087 ridetur,
1526 1011 1720 1088 edisseram,
1761 1031 1902 1086 vereor,
1943 1023 1982 1070 nt

426 1122 612 1199 attendere,
642 1123 1171 1204 intettigemm,assesmaxtantsf
1226 1129 1395 1184 auctorum
1428 1113 1550 1190 oratio,
1588 1113 1845 1188 adfirmantinm,
1884 1125 1979 1190 retu3

425 1223 493 1287 rios
515 1239 580 1286 non
602 1245 699 1307 poste
721 1233 934 1306 praevenere
960 1220 1092 1282 circiter
1116 1241 1171 1282 an·
1226 1215 1397 1286 rtisaimam
1427 1227 1590 1278 monetam
1619 1215 1722 1278 luisse
1758 1213 1888 1296 pecude
1930 1213 1978 1273 in-

425 1347 502 1387 nnm
519 1325 559 1390 V.
577 1326 614 1389 C.
638 1326 720 1404 495,
736 1322 885 1385 unciales
903 1319 1117 1401 sanum,537,
1138 1333 1171 1384 at
1227 1317 1397 1400 signitam,
1434 1336 1472 1379 ac
1509 1329 1688 1400 propterea
1721 1315 1841 1380 dictam
1878 1333 1979 1396 pecu·

426 1426 642 1490 semuncialea
673 1425 750 1506 lege
781 1423 909 1506 Papiria
938 1423 1097 1486 ¹invectos
1129 1422 1170 1486 ab
1227 1419 1331 1494 num,
1370 1419 1527 1482 condono
1567 1418 1719 1482 rideatur
1756 1415 1978 1480 admittenda.

426 1549 493 1590 nno
517 1546 675 1589 annorum
698 1524 982 1607 consequentium,
1013 1523 1070 1607 qui
1093 1523 1171 1588 deii·
1228 1521 1284 1586 rel
1311 1519 1411 1596 ideo,
1439 1523 1513 1602 quia
1540 1520 1597 1604 qni
1625 1532 1750 1582 restant
1777 1517 1870 1579 numi
1898 1516 1979 1579 auti·

429 1628 493 1689 airi
510 1628 640 1711 nequit,
663 1639 771 1692 ortum
790 1624 924 1690 ducere.
1230 1607 1375 1708 quissimi
1401 1622 1555 1694 Romani,
1586 1642 1659 1684 eam
1681 1641 1748 1683 non
1773 1619 1979 1693 confirmant,

492 1727 701 1820 Quaesitum,
739 1727 906 1812 possintne
928 1725 1078 1788 nonnulli
1101 1745 1172 1809 gra·
1227 1744 1369 1808 cumque
1401 1725 1465 1788 alic
1498 1725 1573 1788 loco
1604 1722 1694 1788 idem
1722 1721 1867 1797 Plinius,
1907 1735 1978 1784 tum
2088 1807 2090 1812 ,

429 1832 477 1893 ris
496 1829 702 1903 aerianumi,
726 1831 781 1914 qni
799 1842 990 1913 supersunt,
1012 1828 1046 1888 in
1064 1827 1172 1910 ipsum
1228 1823 1368 1890 Ovidius
1398 1839 1432 1888 et
1460 1825 1664 1904 Macrobius,
1707 1845 1847 1910 quorum
1886 1824 1979 1914 teeti-

431 1931 538 1995 Serrii
564 1951 704 2028 regnum
736 1931 842 2014 aliqua
868 1930 940 1996 reri
965 1927 1075 2013 specie
1099 1949 1173 2012 pro-
1231 1929 1340 1990 monia
1356 1929 1502 1992 sectione
1524 1929 1672 2011 proxima
1696 1927 1823 2001 citabo,
1853 1925 1977 1989 diserte

363 2039 366 2046 ’
432 2034 580 2098 moveri?
626 2033 824 2107 Enimvero,
852 2031 881 2092 ai
905 2043 1044 2094 aetatem
1066 2031 1173 2096 solum

1233 2029 1389 2106 doceant,
1430 2030 1466 2090 in
1507 2029 1724 2094 vetustissima
1753 2030 1977 2089 Romanorum

430 2149 578 2218 spectes,
600 2155 666 2196 non
689 2151 888 2216 magnopere
906 2131 992 2192 istud
1014 2151 1175 2212 repugna-
1232 2144 1364 2194 moneta
1402 2129 1502 2194 fiisse
1541 2152 1603 2192 nna
1641 2144 1733 2213 parte
1765 2143 1862 2212 caput
1892 2132 1976 2205 lani,

421 2249 489 2300 ret.
527 2235 635 2296 Servii
651 2255 740 2295 mora
759 2233 870 2313 ligitur
887 2231 928 2294 ad
943 2251 1061 2293 annum
1078 2233 1119 2297 V.
1136 2231 1172 2295 C.

429 2339 503 2402 aab.
546 2337 713 2397 Habemus
739 2351 855 2394 numos
882 2331 1003 2414 libegii
1029 2344 1066 2408 et
1088 2333 1173 2393 Mes·

431 2457 525 2502 sanae
557 2435 699 2516 signatos
723 2435 809 2498 circa
836 2455 953 2498 annum
977 2434 1019 2500 V.
1035 2433 1077 2505 C,
1094 2433 1172 2514 276,

426 2553 525 2624 atque
563 2536 624 2600 hos
659 2537 764 2600 adbuc
791 2536 980 2621 antiquitate
1009 2548 1175 2620 praestant

433 2639 523 2704 numi
541 2639 687 2721 inscripti
706 2640 844 2702 Zancles
862 2639 1064 2714 nomine„ut
1081 2659 1176 2722 prae·

427 2755 553 2804 tercam
594 2761 709 2802 numos
750 2740 1029 2814 Cauloniatarnm,
1078 2740 1173 2802 alios·

432 2864 495 2927 que
527 2841 692 2906 civitatum
720 2841 898 2908 vicinarum
928 2843 968 2905 ab
995 2841 1173 2906 remotissi-

428 2967 480 3008 ma
519 2945 706 3030 antiquitate
746 2944 905 3028 cognitos.
955 2947 1080 3010 Veram
1117 2943 1174 3006 ob·

429 3061 489 3111 etat
510 3047 682 3112 auctoritas
701 3045 820 3122 Plinii,
848 3047 1068 3130 aliorumque,
1092 3067 1172 3130 quos

429 3151 535 3234 eapite
566 3151 591 3214 1.
615 3149 727 3225 citari,
767 3149 889 3212 diserte
919 3149 1172 3226 adfirmantiom,

429 3251 590 3336 siquidem
628 3251 709 3314 tanti
746 3250 893 3314 facienda
922 3267 996 3316 sunt
1020 3275 1059 3318 ea
1085 3251 1174 3322 testi·

428 3353 553 3428 monia,
591 3353 729 3436 primam
761 3353 981 3416 Romanorum
1008 3367 1172 3416 monetam

427 3456 528 3521 inisse
559 3453 687 3538 pecude
717 3453 891 3538 signatam,
930 3475 1004 3518 enm
1042 3469 1171 3532 tamen,

430 3578 512 3642 quoa
536 3553 772 3620 vetustissimos
811 3555 982 3632 babemus,
1021 3570 1054 3644 et
1080 3570 1172 3620 certe

427 3663 552 3722 Romae
576 3657 719 3742 signatos
746 3678 876 3733 numos,
906 3657 1031 3720 nullum
1052 3657 1173 3742 pecudi

428 3761 537 3826 cubile
565 3757 756 3842 praebeant,
784 3757 916 3842 dempto
939 3759 1052 3835 unico,
1075 3781 1171 3845 quem

430 3863 461 3926 in
485 3862 609 3928 assibus
640 3858 838 3938 recensebo,
867 3881 992 3946 eoque,
1023 3873 1057 3926 itt
1080 3863 1172 3926 colli·

430 3985 509 4048 gere
527 3961 622 4042 licet,
643 3984 707 4027 non
726 3962 881 4026 maximae
897 3963 1073 4028 vetustatis.
1105 3965 1171 4030 De·

429 4067 505 4130 inde
534 4069 561 4130 si
586 4069 775 4152 quiessent
801 4065 870 4148 ejus
899 4067 984 4142 aeri,
1014 4086 1070 4128 eos
1096 4087 1168 4130 ease
1185 4055 1202 4070 ⁸

430 4167 564 4231 librales
586 4183 773 4250 oporteret,
807 4167 834 4231 ai
861 4187 947 4232 asses
977 4181 1068 4244 sunt,
1098 4183 1170 4244 aut,

430 4287 504 4334 cum
520 4269 598 4334 assis
613 4286 685 4332 sunt
697 4285 824 4356 portes,
843 4289 915 4338 esee
929 4269 1083 4354 ponderis
1102 4295 1173 4336 ano·

432 4371 502 4454 logi
530 4370 569 4434 ad
592 4391 696 4434 assem
720 4373 879 4438 libralem.
920 4375 1044 4440 Verum
1067 4375 1197 4438 hacte-'

432 4495 491 4536 nus
512 4496 545 4538 as
562 4475 725 4536 Romanus
751 4473 874 4538 libralia
895 4489 1087 4562 conspectus
1107 4497 1172 4539 non

468 4793 498 4862 a)
519 4787 660 4848 l..XlilX.
678 4801 756 4852 c.5t.
831 4787 865 4858 b)
885 4785 989 4846 LVII.
1007 4791 1034 4846 itt
1053 4789 1144 4868 praes.

1233 2232 1335 2294 altera
1365 2231 1489 2309 navim,
1528 2252 1666 2314 eamque
1696 2231 1878 2306 doctrinam
1910 2233 1975 2294 late

1230 2329 1425 2402 confirment
1444 2335 1565 2412 -numi,
1605 2335 1709 2400 licere
1734 2334 1815 2396 mibi
1844 2332 1976 2417 putabo,

1227 2437 1411 2508 sententiae
1430 2435 1536 2516 priori
1556 2457 1680 2520 negare
1706 2433 1825 2513 iidem,
1856 2449 1889 2499 et
1916 2457 1978 2520 per

1224 2537 1394 2620 cognitam
1431 2538 1696 2603 enucleationem
1743 2539 1977 2622 etymologica·

1230 2660 1304 2702 rom
1330 2639 1495 2704 licentiam
1522 2640 1653 2724 longius
1679 2640 1867 2706 arcessitam
1894 2637 1979 2702 arbi·

1221 2740 1320 2806 trani.
1363 2741 1459 2804 Haud
1481 2756 1613 2826 gravate
1634 2743 1771 2827 largiar,
1803 2741 1977 2825 pecuniam

1232 2843 1346 2910 dacia
1377 2869 1516 2932 pecore,
1556 2860 1587 2909 at
1608 2867 1674 2907 non
1704 2863 1808 2928 aeque
1831 2841 1976 2914 dedero,

1232 2967 1304 3010 eam
1325 2964 1501 3033 propterea
1522 2953 1569 3014 sic
1589 2947 1799 3034 appellatam,
1830 2944 1903 3029 qnia
1921 2965 1979 3026 pe·

1231 3049 1318 3113 coris
1350 3052 1400 3114 illi
1426 3067 1503 3116 nota
1525 3054 1683 3136 impressa
1705 3049 1782 3124 tuit,
1814 3045 1874 3108 aed
1901 3047 1977 3128 quia

1231 3153 1367 3233 pecnnia
1380 3155 1412 3214 in
1428 3156 1559 3238 pecoris
1574 3155 1682 3217 locum
1696 3150 1787 3237 qnasi
1808 3145 1977 3222 successit,

1231 3268 1265 3316 et
1293 3256 1348 3339 qui
1374 3257 1489 3336 multae
1504 3257 1540 3318 in
1555 3277 1629 3320 arca
1648 3253 1802 3338 pecunias
1819 3249 1976 3324 condidit,

1230 3355 1368 3438 perinde
1385 3355 1519 3433 beatus,
1550 3335 1770 3432 est⁸babitns,
1799 3375 1894 3438 quam
1923 3353 1979 3434 qni

1229 3457 1309 3519 olim
1338 3477 1460 3541 pecore
1479 3457 1669 3536 abundavit,
1700 3460 1870 3542 praeclare
1888 3451 1975 3517 istud

1227 3557 1411 3642 explicante
1427 3561 1538 3642 Livio,
1558 3582 1632 3624 cum
1651 3559 1692 3624 de
1706 3559 1854 3642 Massylis
1866 3560 1910 3622 ait
1925 3561 1973 3645 ·):

1231 3661 1395 3724 Familiae
1406 3664 1535 3744 aliquot
1552 3687 1625 3726 cum
1643 3663 1827 3743 cropolibus
1847 3660 1978 3744 pecori·

1229 3761 1352 3840 busque
1378 3764 1436 3847 (aa
1453 3771 1596 3848 pecunia
1618 3767 1692 3828 illis
1717 3767 1782 3840 est)
1808 3765 1977 3844 persecuti

1228 3877 1433 3947 auntregcm.
1457 3869 1557 3953 Atqui
1574 3881 1608 3929 et
1622 3865 1824 3929 Columellae
1842 3883 1973 3946 possum

1228 3967 1418 4034 auctoritate
1438 3971 1513 4046 niti,
1536 3988 1600 4053 quo
1619 3979 1703 4032 teate
1718 3963 1751 4049 ¹’)
1771 3971 1906 4030 nomiae
1923 3985 1981 4050 pc·

1228 4073 1347 4132 cuniae
1364 4085 1404 4148 et
1421 4074 1546 4154 peculii
1564 4081 1675 4132 tracta
1697 4071 1851 4132 ridentur
1874 4091 1896 4130 a
1922 4090 1978 4150 pc·

1231 4189 1320 4250 core,
1350 4175 1437 4251 quiid
1462 4193 1525 4232 non
1549 4171 1661 4233 solnm
1683 4183 1809 4234 vetares
1826 4173 1978 4252 possede-

1230 4285 1308 4336 runt
1341 4275 1404 4337 sed
1426 4271 1534 4333 adhuc
1559 4274 1648 4352 apud
1675 4275 1835 4354 quosdam
1861 4285 1980 4356 gentes

1232 4359 1332 4438 ubam
1345 4385 1525 4453 usurpetur
1543 4375 1738 4438 divitiarum
1753 4393 1880 4456 genus,
1911 4393 1979 4436 non

1231 4497 1313 4562 ergo
1330 4499 1348 4540 a
1365 4475 1467 4558 signis
1484 4489 1633 4540 monetae
1650 4475 1827 4560 impressis.

1951 4603 1978 4633 ”x
