4184 5500
411 547 480 628 tit

774 707 792 742 1

671 753 690 791 ὓ
877 753 896 791 ΙΙ

419 811 529 877 Cassii
542 812 672 872 incerti.

561 912 667 991 Caput
683 909 833 971 Palladis
851 909 995 988 alarum,
1012 931 1099 994 ponc
1114 913 1156 991 X,

557 1023 591 1074 ct
604 1013 687 1090 quid
699 1031 802 1072 uruuc
818 1014 912 1075 simil
931 1056 940 1075 .

416 1117 452 1180 C.
464 1112 594 1178 CASSI.
617 1110 747 1172 Mulier
757 1113 788 1172 d.
795 1114 921 1194 pileum
934 1116 1115 1188 ostentatus,
1131 1136 1158 1176 s.

415 1217 548 1279 lustum
564 1216 601 1276 irs
615 1214 693 1273 citis
708 1215 894 1294 quadrigis,
913 1213 1004 1296 infru
1016 1212 1156 1278 ROMA.

474 1310 668 1378 Perizonius
682 1331 813 1372 numum
827 1311 867 1373 ad
881 1313 916 1375 C.
926 1313 1072 1374 Cassium
1083 1335 1157 1397 per·

412 1435 579 1482 oussorem
598 1389 748 1474 Caesaris
772 1425 908 1494 propter
932 1413 1092 1476 libertatis
1115 1417 1157 1476 si·

413 1539 512 1600 guum
534 1513 649 1576 refert.
677 1513 721 1572 At
739 1511 793 1575 bic
813 1513 1002 1576 remotioris
1020 1515 1157 1600 antiqui·

413 1617 486 1680 tetis
507 1613 705 1678 manifestus
720 1625 770 1676 est
791 1629 911 1700 partus.
946 1613 999 1676 Ad
1020 1613 1102 1678 haee
1120 1616 1155 1678 in

413 1719 509 1802 hujus
539 1716 641 1779 Cassii
678 1714 820 1778 denariis
857 1735 991 1799 semper
1025 1715 1156 1780 additur

414 1823 501 1883 lMP.
519 1817 653 1881 Acutius
683 1817 717 1879 iu
746 1817 889 1900 speciem
911 1820 1154 1910 Haverosmpus
1253 1864 1256 1874 ,

393 1923 452 1994 C.
471 1921 581 1984 Cassio
608 1921 647 1983 L.
671 1919 791 1996 Cassii,
819 1921 926 1984 severi
953 1920 1041 1984 illius
1072 1921 1156 2006 judi·

415 2023 577 2096 cistilio,
611 2021 764 2103 largitur,
795 2042 900 2104 squo
929 2021 1061 2084 tribuno
1088 2024 1153 2106 pb,

412 2140 448 2188 ut
476 2137 585 2187 narrat
606 2121 785 2197 Asconius,
802 2115 872 2184 “lex
901 2119 964 2184 lsta
997 2136 1065 2200 est,
1097 2137 1151 2200 ut,

402 2247 509 2311 quem
543 2227 681 2308 populus
715 2222 914 2298 damnasset,
945 2236 1060 2286 senatu
1088 2242 1155 2286 mo·

414 2341 562 2404 veretur,
592 2323 633 2387 sd
655 2322 742 2408 quod
771 2323 891 2387 factum
918 2323 1078 2388 libertatis
1107 2333 1155 2406 ty-

412 2451 489 2513 pum
507 2438 650 2490 revocat.
682 2425 775 2504 Dixi,
797 2425 1001 2508 inspeciem.
1033 2427 1155 2510 Sequa·

413 2529 590 2594 musenim
610 2525 769 2588 calculum
789 2539 822 2588 et
841 2525 940 2590 rerba
958 2529 1155 2592 Hsvcrcam·

325 2640 329 2648 ’
412 2632 446 2713 pi
462 2631 502 2708 ¹).
531 2629 595 2690 Hic
611 2627 647 2687 C.
659 2626 802 2702 Cassius,
828 2627 888 2702 ait,
909 2643 1063 2710 quaestor
1079 2652 1156 2715 pro·

414 2727 560 2792 vincinlis
580 2727 642 2788 luit
662 2728 703 2792 V.
720 2727 757 2791 C.
780 2725 860 2803 bqr,
892 2743 967 2792 ante
986 2751 1083 2814 quem
1101 2755 1156 2796 sn-

413 2852 501 2906 num,
524 2849 596 2893 cum
614 2842 765 2912 quaestor
782 2827 922 2892 urbanus
938 2846 1034 2906 esset,
1051 2835 1155 2896 credi·

1075 544 1291 618 ctssts.

1574 715 1594 751 Ι

1472 759 1491 796 ἢ
1679 763 1699 801 0

1357 815 1465 896 Caput
1481 805 1642 896 Vulcani,
1656 822 1906 905 poucsurecps,
1924 830 1961 888 iu

1333 951 1334 956 κ
1354 933 1434 994 orco
1457 915 1483 978 S
1501 919 1627 988 additis
1644 919 1753 984 tribus
1764 925 1926 1006 globulis.

1213 1015 1249 1078 C.
1277 1013 1409 1080 CASSI.
1432 1015 1573 1082 ROMA.
1614 1017 1737 1101 Nouis,
1760 1029 1798 1088 iu
1820 1047 1901 1089 ersa
1925 1027 1960 1089 S.
2085 1053 2086 1058 ¹

1214 1117 1340 1178 additis
1357 1118 1466 1180 tribus
1479 1119 1636 1200 globulis.
1658 1123 1728 1187 ΔΕ.
1744 1125 1816 1190 1t1t.

1276 1214 1381 1298 Hujus
1405 1217 1550 1280 semissis
1577 1222 1693 1303 partim
1721 1245 1816 1288 causa
1845 1228 1960 1311 ospitis

1212 1317 1353 1383 Vulcani
1377 1341 1439 1401 pro
1462 1320 1559 1383 solito
1584 1323 1616 1382 in
1640 1327 1827 1388 semissibus
1852 1331 1961 1412 cupite

1211 1419 1313 1494 Iovis,
1331 1421 1447 1502 partim
1466 1444 1562 1486 causa
1579 1423 1759 1488 additurum
1776 1418 1818 1490 sd
1837 1430 1872 1494 S.
1890 1432 1963 1513 glo·

1211 1518 1364 1582 bulorum
1387 1523 1483 1587 altius
1506 1521 1706 1590 mentionem
1727 1528 1795 1593 ieci
1815 1551 1891 1615 με.
1911 1551 1960 1596 m.

1216 1619 1253 1684 13
1273 1633 1307 1683 et
1326 1625 1373 1686 15.

1359 1827 1467 1907 Caput
1490 1827 1583 1908 luni,
1614 1833 1703 1895 inter
1725 1836 1822 1915 cujus
1847 1833 1961 1920 cepitis

1355 1925 1483 1994 lunula.

1210 2025 1251 2090 1..
1268 2025 1408 2092 sautu.
1437 2029 1470 2091 C
1492 2023 1683 2102 ctssws.
1722 2037 1829 2101 Proru
1852 2045 1961 2119 nuris,

1212 2130 1270 2188 cui
1286 2131 1499 2210 inscriptum.-
1521 2133 1563 2192 D.
1581 2135 1615 2198 S.
1633 2136 1668 2199 S.
1690 2135 1761 2201 ΑΕ.
1776 2140 1801 2202 1.
1822 2139 1894 2210 Ra.

1235 2221 1241 2228 ’
1274 2227 1458 2292 Litersrum
1483 2233 1524 2298 D.
1549 2233 1582 2296 S.
1607 2235 1656 2312 S..
1689 2257 1773 2322 quae
1800 2241 1960 2326 leguntur

1212 2329 1309 2392 etiem
1340 2327 1375 2391 iu
1403 2329 1545 2396 denariis
1574 2333 1820 2428 Quinctiorum,
1860 2365 1961 2412 verus

1213 2449 1326 2495 sensus
1343 2431 1487 2496 nondam
1506 2454 1705 2521 compertus.
1737 2442 1870 2528 Legunt
1887 2449 1962 2512 alii:

1211 2533 1282 2595 Deo
1315 2535 1440 2598 Senoui
1470 2537 1595 2618 Sauro,
1634 2543 1691 2625 qui
1725 2543 1788 2608 luit
1822 2547 1962 2616 Sabino·

1211 2653 1284 2696 rum
1307 2633 1403 2726 deus,
1432 2631 1474 2700 de
1500 2661 1562 2724 qua
1585 2643 1730 2708 lectione
1754 2647 1832 2714 side
1856 2653 1959 2718 mults
2085 2623 2086 2640 ξ

1213 2735 1298 2820 apud
1314 2737 1469 2804 Vrsinum
1484 2736 1535 2822 b),
1557 2745 1629 2806 aliis
1642 2747 1701 2807 ·Dc
1720 2747 1866 2815 Senatus
1883 2755 1963 2817 Sen—

1198 2841 1337 2915 rantis,
1359 2837 1432 2902 aliis
1462 2843 1513 2906 De
1533 2845 1660 2910 Siculis
1681 2846 1811 2912 Sardis.
1845 2854 1962 2917 SALI·

414 2953 486 2994 mus
504 2933 664 3017 signatum
681 2935 767 2998 bunc
783 2933 962 2997 denarium.
990 2935 1178 3000 Tribunus*
1214 2950 1313 3000 uetur
1339 2953 1390 3002 est
1414 2961 1599 3027 cognomen
1625 2951 1732 3031 gentis
1758 2952 1889 3034 Liviae,
1927 2973 1962 3022 et
2085 2933 2086 2970 l

413 3035 459 3118 pt.
482 3034 542 3098 luit
559 3037 599 3103 V.
617 3041 653 3104 C.
672 3039 750 3118 ⁶le
777 3056 841 3120 quo
864 3033 948 3098 adeo
972 3034 1088 3100 dictem
1111 3039 1156 3102 le·
1217 3035 1362 3124 Oppiae,
1385 3043 1423 3106 ad
1444 3049 1539 3129 quam
1558 3053 1777 3132 posteriorem
1793 3054 1829 3116 bi
1847 3057 1962 3138 videu-
2085 3085 2086 3130 t

415 3157 490 3219 gem
503 3139 588 3204 tulit.
611 3142 654 3203 As
670 3141 756 3202 enim
771 3137 971 3224 quaerimus,
992 3140 1156 3224 quomodo
1215 3153 1269 3206 tur
1284 3143 1373 3204 numi
1388 3148 1571 3227 pertinere,
1590 3165 1626 3214 ut
1642 3151 1770 3219 dicetur
1785 3157 1819 3219 iu
1838 3157 1959 3245 Oppia.
2085 3157 2086 3216 l

414 3237 442 3300 is
466 3252 542 3321 typo
567 3241 734 3304 libertatis.
748 3243 781 3302 in
804 3261 903 3304 numo
921 3241 961 3307 V.
980 3243 1014 3304 C.
1034 3244 1095 3318 itta
1116 3241 1158 3304 si·
1214 3241 1366 3307 Additum
1387 3249 1463 3311 luno
1485 3250 1594 3315 lunum
1617 3257 1862 3344 Hsvercsmpus
1891 3265 1963 3348 opi-
2085 3269 2086 3352 l

416 3347 513 3422 gusto
534 3340 575 3402 sd
596 3343 705 3425 legem
728 3341 887 3406 adludere
907 3343 1032 3424 potuit,
1062 3365 1157 3428 quam
1214 3360 1310 3410 natur
1336 3363 1529 3434 propterea,
1563 3357 1651 3440 quod
1672 3359 1721 3422 illi
1743 3359 1864 3428 tributu
1890 3365 1963 3431 ius·
2085 3417 2086 3444 ,

414 3440 583 3503 minimum
605 3457 680 3506 octo
701 3443 792 3505 annis
813 3445 918 3506 serius
940 3444 1035 3508 tulit?
1063 3447 1157 3512 Veri·
1212 3461 1263 3510 rat
1279 3449 1354 3511 anni
1372 3448 1550 3532 dimensio,
1574 3470 1607 3520 et
1628 3482 1646 3523 s
1667 3463 1832 3528 nonnullis
1854 3469 1964 3532 credi·

417 3541 556 3605 similius
580 3543 680 3628 igitur
699 3557 792 3628 typus
813 3543 851 3608 ad
872 3544 1040 3608 celebrem
1062 3547 1155 3609 illum
1213 3561 1265 3614 tus
1282 3549 1368 3614 lilius
1389 3552 1548 3632 Hecates,
1569 3557 1604 3620 id
1625 3573 1692 3625 est:
1714 3563 1820 3630 lunae.
1852 3569 1962 3634 Aliam

416 3645 456 3710 L.
480 3645 625 3708 Cassium
656 3645 817 3708 libertatis
843 3645 957 3729 populi
982 3645 1156 3728 vindicem,
1213 3671 1341 3715 causam
1363 3652 1509 3720 dabimus
1530 3659 1564 3721 iu
1586 3659 1729 3730 deusriis
1749 3669 1857 3754 gentis
1874 3671 1961 3736 Fon·

417 3747 458 3810 de
479 3767 544 3830 quo
561 3769 674 3832 supra,
693 3745 889 3812 referendus
906 3747 969 3812 lsts
985 3747 1025 3816 V.
1042 3747 1078 3812 C.
1093 3748 1155 3833 617
1213 3753 1310 3820 teias.

415 3847 491 3931 lege
518 3848 704 3926 tabellaria,
734 3869 808 3912 uum
829 3869 890 3934 qus
910 3861 1081 3932 praeterea
1108 3871 1160 3914 ae·

415 3963 480 4014 tate
513 3951 631 4014 melius
658 3963 876 4036 componetur
907 3964 1003 4036 ceput
1035 3951 1158 4017 snticse
1277 3959 1330 4022 Do
1359 3958 1489 4039 Csssio,
1519 3963 1576 4052 qui
1604 3979 1668 4032 est·
1683 3965 1717 4031 in
1743 3971 1960 4044 Antiocbeuis

416 4051 603 4116 vetustioris
621 4053 767 4120 rationis.
1216 4057 1351 4223 graecis
1369 4063 1511 4144 Claudii,
1535 4068 1611 4134 vide
1631 4091 1746 4137 numos
1764 4073 1959 4148 antiochus

1240 4181 1342 4244 yrsse.

405 4485 1950 4543 Q
