4180 5484
718 533 1109 608 EGNATVIAEIA.
1619 548 1689 614 205

134 717 203 777 sss,
234 719 330 786 quam
359 698 493 764 exhibet
522 699 619 766 etiam
652 697 805 766 denarius
835 719 884 766 se·
942 714 1033 768 recte
1055 701 1209 766 observat
1226 699 1487 786 Harercsmpus,
1510 719 1582 764 esee
1604 701 1690 764 simi-

135 821 265 888 quens.·
942 803 974 866 le
991 802 1107 888 capiti,
1128 802 1163 862 ia
1182 801 1269 886 qaod
1288 803 1361 865 litui
1380 803 1539 868 militares
1555 817 1706 868 exeunt.¹

393 930 413 968 s
499 885 519 924 ⁴⁵
604 933 624 970 s
938 905 1029 968 Idem
1063 923 1236 988 perperam
1266 904 1444 968 Victoriam
1483 903 1689 968 advolantem
1760 929 1768 944 ·

272 1003 506 1072 MAXVMVS.
560 1003 669 1090 Caput
706 1005 881 1082 muliebre,
937 1005 1015 1072 iacit
1028 1005 1080 1082 id,
1099 1003 1186 1090 quod
1203 1003 1389 1068 luculentus
1407 1018 1457 1068 eat
1472 1004 1615 1090 Cupido,
1632 1005 1689 1088 qui
1795 1039 1801 1052 ·

273 1127 360 1188 pane
377 1105 500 1184 pileus.
940 1106 1063 1192 alioqui
1089 1107 1123 1168 in
1154 1104 1304 1170 omnihus
1327 1105 1459 1194 Egnatii
1482 1107 1589 1170 nomia
1615 1127 1687 1170 susa

134 1211 171 1273 C.
195 1205 430 1274 unumve.
462 1205 531 1272 CN.
555 1207 601 1274 F..
616 1205 684 1273 CN.
707 1210 747 1274 N.
785 1208 883 1272 Duae
940 1209 1039 1274 habet
1057 1219 1176 1294 partes.

133 1311 293 1376 mulieres
310 1309 468 1390 galeatae
497 1320 532 1371 et
559 1307 716 1372 iactatae
739 1321 882 1388 stantes,
1306 1370 1326 1412 ·

134 1431 276 1488 qaorum
299 1411 469 1496 defterior
490 1431 518 1474 s.
534 1413 755 1492 paretonium
777 1421 882 1492 tenet,
1203 1421 1223 1460 t
1276 1437 1285 1448 =
1410 1422 1429 1460 t

134 1523 168 1575 et
193 1535 222 1576 ss
242 1513 324 1594 pede
348 1513 454 1592 capiti
477 1511 638 1575 animalis
663 1513 811 1587 insistit,
842 1512 888 1572 ad
1082 1509 1316 1578 tenxvttvs.
1335 1511 1488 1572 Protorne
1501 1511 1685 1594 Cupidinis.
1711 1543 1718 1554 ·

135 1615 280 1700 alterans
303 1613 438 1675 advolat
461 1611 604 1693 Cupide,
627 1611 706 1674 ltine
730 1625 766 1674 et
786 1613 886 1674 illinc
941 1615 1236 1682 c.EGNAT1VS,
1263 1611 1331 1677 CN,
1355 1612 1392 1674 F.
1419 1612 1485 1674 CN,
1510 1613 1551 1677 Ν,
1603 1613 1689 1676 Tem.

136 1733 249 1779 remus
261 1734 383 1797 prorae
402 1715 498 1776 navis
513 1711 655 1796 infimas,
678 1713 715 1774 in
734 1731 813 1775 area
829 1731 884 1775 vo·
937 1719 1030 1800 plum
1054 1718 1232 1800 distrione,
1245 1717 1349 1777 ‘intra
1369 1715 1457 1794 quod
1474 1726 1545 1776 stat
1570 1715 1622 1776 uir
1641 1726 1690 1774 to·

133 1817 264 1886 riontes
281 1815 451 1895 alphabeti
465 1815 595 1876 literae.
617 1814 688 1876 AR.
705 1813 742 1878 C.
938 1831 1041 1902 gatus
1061 1819 1092 1882 sl.
1109 1817 1258 1894 kastam,
1284 1834 1385 1897 supra
1400 1834 1494 1893 quern
1514 1817 1551 1878 in
1568 1815 1690 1897 episty-

197 1913 251 1976 Ad
268 1913 330 1976 hos
345 1913 515 1999 denarios,
540 1915 690 1998 quoniam
713 1935 885 1998 argumen-¹
941 1919 989 1982 lio
1002 1919 1156 2003 fulmen,
1184 1918 1298 1979 adstat
1317 1915 1438 1978 mulier
1459 1915 1612 1977 monibus
1633 1933 1701 1978 etc-¹
1757 1987 1760 1995 ἢ
1872 1969 1880 1980 .

134 2031 204 2080 tam
228 2014 404 2079 admodum
423 2015 601 2098 implexum
628 2015 787 2094 offerunt,
817 2017 884 2080 ani·
938 2021 1071 2102 pensis,
1100 2039 1202 2102 supra
1222 2037 1320 2098 ouans
1342 2017 1454 2078 eodem
1476 2015 1548 2076 leco
1569 2015 1690 2095 pileus,

135 2119 345 2184 madvertere
365 2117 447 2180 nihil
468 2117 578 2194 lubet,
607 2119 804 2200 conjecturis
826 2119 883 2202 qui
941 2125 977 2183 in
993 2141 1074 2182 area
1090 2132 1190 2182 notae
1205 2119 1448 2182 arithmeticae.
1471 2116 1541 2179 AR.
1559 2115 1594 2180 C.

134 2222 282 2298 inhiant,
324 2241 366 2283 ex
402 2220 631 2303 Hetereampo
670 2241 724 2284 eea
761 2231 882 2300 petant.
1001 2220 1192 2284 Obscurum
1215 2220 1334 2282 iterum
1356 2231 1592 2302 argumentum.
1637 2219 1687 2279 Ne

136 2323 225 2386 Satis
250 2319 419 2406 putabam,
451 2339 511 2382 eos
534 2319 686 2384 adcurate
707 2343 749 2386 ex
773 2321 887 2385 arche·
942 2339 1053 2388 tamca
1097 2321 1297 2386 dissimulem
1338 2320 1485 2385 virorum
1525 2334 1688 2404 praestana

134 2425 222 2508 typis
253 2407 475 2508 indegertirnia
506 2421 612 2484 musei
644 2425 796 2488 Caeaarci
830 2424 887 2488 de·
944 2426 1024 2487 tium
1046 2423 1196 2500 oracula,
1228 2422 1412 2498 exiatimunt
1433 2421 1625 2489 Vaillantius
1655 2435 1690 2486 et

30 2523 51 2550 ‘⁸
135 2524 325 2608 scripsisse,
355 2544 429 2588 nam
457 2535 491 2586 et
518 2523 553 2584 in
579 2523 643 2588 laoc
669 2523 766 2588 tideo
794 2524 888 2588 aber·
943 2529 1208 2608 Havercarnpus,
1248 2525 1389 2606 proponi
1424 2523 1458 2584 in
1493 2526 1691 2590 overas-lo·

135 2648 211 2692 rare
229 2637 380 2690 sartores
398 2636 539 2689 nostros.
571 2627 637 2702 lte,
660 2627 747 2710 qood
768 2627 887 2716 mulier
944 2648 1018 2694 nem
1050 2626 1251 2716 Catualium,
1285 2639 1319 2690 et
1337 2629 1505 2689 iunonem
1537 2627 1687 2710 Zygiam,

135 2729 225 2814 pede
256 2727 377 2803 calcat,
412 2725 590 2794 Vaillantio
620 2741 670 2790 est
702 2742 798 2812 caput
828 2727 886 2792 bo·
941 2741 977 2794 et
995 2729 1146 2794 denarios
1164 2729 1224 2792 ltos
1240 2727 1274 2790 in
1292 2727 1374 2792 urbe
1391 2729 1539 2813 quapiam
1557 2727 1683 2795 Graece

134 2831 204 2908 tie,
242 2829 416 2894 mantuus
452 2842 549 2912 ceput
582 2813 653 2911 apr'i
689 2829 811 2913 pinxit,
854 2845 887 2896 st
943 2833 1096 2916 signatos.

611 3143 1214 3224 EGNATVLEIA.

200 3339 426 3424 Gesspsrum
444 3341 585 3426 cognita.
941 3353 1004 3406 tua.
1043 3323 1107 3404 Illo
1136 3341 1224 3404 enirn
1255 3339 1288 3402 in
1316 3339 1422 3404 numia
1451 3339 1578 3410 multis,
1610 3361 1688 3426 qoo-

282 3444 320 3510 C.
343 3441 614 3514 uenantum.
634 3441 676 3508 C.
701 3443 738 3504 F.
778 3442 886 3526 Captet
940 3465 1013 3505 rum
1036 3445 1218 3526 catalogum
1242 3443 1274 3504 in
1297 3443 1408 3526 operis
1427 3444 1476 3504 eui
1499 3441 1607 3504 indice
1627 3443 1686 3506 sub

284 3547 461 3630 Apollinis
476 3547 567 3629 infre
586 3543 627 3638 Q.
943 3541 973 3638 Q
996 3543 1120 3619 adfert,
1149 3565 1350 3630 nequaquem
1378 3543 1409 3638 Q
1436 3545 1601 3616 Latinam,
1628 3547 1687 3608 sod

138 3649 296 3712 Victoria
326 3649 510 3712 inscribens
537 3647 652 3731 clypeo
679 3661 724 3706 ex
751 3655 884 3724 tropaeo
943 3659 1036 3710 vetus
1061 3645 1157 3730 llopls
1181 3647 1395 3709 Phoenicium
1424 3647 1564 3729 exprimi
1593 3646 1688 3709 adlir·

134 3749 362 3828 suspenso‚in
378 3747 627 3843 areaQ,irfia
639 3743 781 3810 ROMA.
804 3743 885 3836 Qui·
942 3759 1008 3812 inat
1046 3749 1176 3811 obvium
1217 3749 1249 3810 in
1291 3747 1397 3808 numia
1436 3745 1685 3828 Syracusarum,

133 3849 222 3914 uarii
241 3849 280 3915 C.
720 3871 727 3888 ·
942 3871 1006 3936 quo
1030 3863 1164 3914 tractam
1185 3849 1343 3912 Corintho
1366 3847 1527 3930 originem
1549 3851 1686 3914 indicari

202 3951 302 4014 Numi
321 3950 417 4033 hujus
436 3951 681 4034 sensusplanus
701 3967 739 4012 ac
757 3945 884 4014 obsim.
941 3965 1077 4016 constat.
1121 3951 1173 4012 ,ad
1202 3951 1340 4014 eandem
1371 3970 1455 4034 ergo
1483 3950 1592 4034 legem
1622 3951 1684 4016 ltos

137 4053 289 4120 Victoria
323 4053 546 4137 quinariorusn
582 4064 679 4135 typus
714 4064 882 4129 constans,
938 4073 1072 4138 quoque
1110 4051 1276 4137 quinarios
1313 4050 1434 4134 adigit,
1480 4051 1683 4136 adseritque,

136 4157 237 4220 litera
256 4153 287 4249 Q
306 4156 457 4239 utrinque
476 4153 595 4238 scripta
617 4153 809 4246 Quinctium
826 4171 884 4215 oe·
939 4177 1114 4240 percussos
1152 4157 1184 4216 in
1224 4154 1333 4217 Sicilia
1369 4175 1387 4216 s
1422 4155 1459 4216 C.
1487 4155 1683 4238 Egnatuleio
1731 4187 1740 4218 η

20 4336 25 4345 ‚
134 4273 194 4324 tat.
234 4258 308 4319 Nou
335 4257 382 4320 sic
410 4258 673 4340 Hatercampua,
702 4257 753 4319 cui
784 4273 881 4319 omne
941 4257 1110 4322 Octaviani
1141 4267 1332 4340 quaestore,
1371 4268 1405 4317 et
1436 4253 1571 4340 quidem·
1597 4269 1686 4340 pon.

133 4357 222 4424 illud
240 4358 345 4424 vuum
363 4359 532 4444 ignavom,
555 4358 642 4442 quod
658 4358 813 4442 simplex,
835 4355 882 4418 in·
939 4381 1034 4444 quam
1065 4381 1106 4422 ex
1133 4355 1237 4420 insula
1265 4358 1377 4440 pulsus
1407 4369 1459 4420 est
1487 4359 1562 4420 Sex.
1586 4359 1683 4420 Pon·

70 4464 77 4475 '
133 4463 273 4546 dignum
289 4459 390 4538 adeo,
416 4481 481 4546 quo
502 4482 595 4524 suum
621 4481 695 4526 aeae
714 4458 881 4544 ingenium
939 4461 1166 4546 peius„cujos
1188 4479 1282 4521 causa
1307 4457 1428 4522 inserts
1450 4479 1550 4544 numo
1573 4459 1682 4526 Victo·

138 4577 324 4628 exerceret.
363 4565 454 4648 Ergo
483 4563 513 4654 Q
543 4563 643 4648 partia
673 4563 799 4628 antisse
828 4581 883 4622 ex·
939 4563 998 4626 ria.
1028 4561 1102 4624 Non
1119 4561 1180 4623 alia
1198 4559 1299 4646 magis
1316 4579 1370 4622 res
1387 4559 1434 4626 sie
1452 4581 1505 4623 me
1525 4559 1679 4636 delectat,

136 4669 239 4752 plicat
266 4663 446 4756 Quaestor,
482 4678 514 4728 at
543 4665 678 4728 alterius
709 4663 739 4755 Q
769 4684 882 4727 sensus
939 4677 1044 4752 etque,
1063 4685 1137 4727 cnm
1160 4661 1407 4747 intempestivos
1430 4661 1492 4724 hos
1518 4664 1682 4746 conjecto·

132 4765 346 4847 reconditus,
377 4779 412 4830 et
436 4765 497 4830 sibi
525 4767 659 4832 demum
688 4769 754 4830 uni·
769 4785 884 4852 reper-
941 4787 995 4833 res
1011 4765 1077 4830 ania
1090 4766 1235 4851 ipsorum
1252 4785 1383 4852 possum
1401 4763 1513 4832 serbis
1527 4765 1683 4831 refutare.
