4254 5494
853 215 1068 290 RERVM.
1142 229 1145 236 '
1655 239 1774 320 359«,

188 387 354 452 Musarum
372 384 489 448 3133333
512 383 544 444 13
561 379 705 445 ionariis
716 381 929 465 Pomponiae.
945 401 949 406 ·
988 385 1111 444 Nomos
1135 399 1253 445 aursus
1274 399 1526 470 καταχρηστῑκως
1540 385 1724 456 'etiamso-
1742 407 1746 414 ·

230 491 304 564 384.
333 489 452 548 Earum
470 485 594 560 cultus,
617 497 650 544 31
669 477 831 548 3113113313.
850 487 930 546 ibid.
1019 498 1119 546 ‘catus
1144 482 1374 566 denariatauq.
1412 489 1492 571 Ejus
1516 489 1654 572 pondus.
1674 509 1725 572 oq.
1762 483 1777 532 ἶ

229 591 350 651 Earum
375 589 500 648 Romae
523 585 622 646 aedes
647 585 828 650 communis
857 604 931 650 3333
1030 583 1083 648 33.
1115 585 1225 649 Voluit
1248 586 1400 650 denarios
1418 589 1521 656 XXV.
1550 607 1602 674 et).
1637 591 1724 656 'l'ues
1797 573 1802 583 ¹

230 687 377 752 Hercula
392 691 573 770 Musagata.
587 686 658 750 383.
701 701 704 708 ·
1029 684 1121 746 33331
1139 685 1295 750 Martialis
1312 689 1526 770 explicantur.
1548 710 1601 775 eq.

987 785 1078 848 Alia
1098 785 1144 845 ad
1160 805 1277 850 numos
1295 793 1499 870 pertinentia
1525 795 1600 856 vide
1625 795 1728 857 etiam

187 891 218 954 N
229 889 386 972 scriptum
403 909 465 973 pro
483 891 618 957 Names.
639 887 690 952 38.
1027 885 1088 958 sub
1104 885 1247 950 Moneta.

188 991 288 1056 Naris
306 992 339 1052 13
356 992 500 1068 assibus,
523 991 656 1074 ejusque
675 1009 779 1052 causa.
803 996 850 1064 34.

188 1093 316 1156 1133331
345 1091 493 1157 doctrina
526 1093 567 1154 de
591 1105 740 1154 monetae
768 1092 930 1154 Romano·
987 1085 1190 1172 Oscriptum
1210 1111 1272 1175 pro
1287 1093 1359 1162 AV.
1374 1097 1427 1176 75.

229 1213 304 1254 rum
333 1215 452 1259 aureae
488 1194 586 1260 variis
619 1191 765 1275 epochis.
792 1191 847 1260 33.
891 1195 930 1254 13
987 1187 1128 1252 0333313
1144 1191 1270 1260 Oceani
1286 1194 1454 1259 litiatoria
1470 1195 1505 1258 in
1523 1194 1664 1262 (13333113
1675 1200 1727 1262 la·

232 1307 531 1358 examcnrooatur.
551 1293 602 1357 33.
739 1319 743 1332 ·
1030 1290 1103 1352 1133.
1121 1292 1194 1356 338.

191 1393 343 1456 Nemesis
359 1407 444 1455 stans
461 1394 494 1454 in
514 1392 654 1454 denariis
669 1392 797 1460 Vibius.
815 1393 887 1468 343.
989 1387 1036 1452 01
1051 1411 1110 1473 pro
1130 1389 1202 1455 OE.
1220 1391 1275 1474 75.

187 1496 359 1578 Neptunus
370 1495 594 1577 hippocampis
611 1507 734 1558 vectus.
760 1513 828 1576 tq7.
850 1493 941 1577 Ejus'
964 1489 1094 1558 .0leae
1115 1513 1222 1554 ramus
1247 1495 1335 1577 pacis
1358 1494 1552 1577 symbolum.
1573 1498 1646 1562 383.
1670 1499 1727 1563 Ex

232 1596 391 1678 templum
411 1597 444 1656 in
462 1595 568 1658 numia
588 1597 761 1659 Domitiae.
786 1611 859 1662 333.
1030 1613 1073 1655 33
1089 1592 1272 1684 pendentes
1284 1597 1396 1662 vittae.
1411 1597 1492 1659 ibid.
1508 1592 1518 1608 “

187 1696 367 1760 Nereidum
387 1697 502 1760 forma.
521 1695 595 1762 333.
761 1707 765 1716 ’
990 1693 1129 1757 0333133
1162 1696 1309 1779 Apollini
1345 1699 1484 1780 supplex
1524 1719 1598 1762 cum
1629 1719 1728 1765 331133
1828 1697 1833 1707 ’

188 1797 328 1862 Nomina
342 1799 574 1862 Romanorum.
590 1799 643 1862 55.
670 1798 809 1860 Nomina
828 1795 933 1880 genti·
1030 1795 1136 1861 oleae.
1157 1797 1226 1860 333.

229 1899 332 1962 11313
357 1900 427 1966 tvs
458 1912 590 1963 exeunt.
616 1903 669 1980 57.
705 1899 843 1962 Nomina
869 1917 931 1982 per
988 1895 1094 1960 Oscae
1114 1897 1289 1978 Hispaniae
1309 1899 1428 1980 signati
1449 1899 1573 1963 denarii
1594 1902 1729 1965 Lentuli

230 2000 439 2081 adoptionem
459 1999 623 2083 quomodo
639 1999 786 2062 formata.
803 2001 855 2078 5q.
997 2051 999 2058 ,
1029 2011 1063 2060 31
1078 1999 1223 2062 Domitii.
1246 2001 1298 2080 33.
1324 2001 1399 2062 «383.
1419 2003 1490 2065 333.
1528 2005 1602 2065 Non
1619 2017 1728 2067 tamen

188 2101 314 2163 Nonius
329 2099 481 2163 ludorum
500 2101 683 2162 votivorum
697 2113 821 2162 auctor.
835 2097 908 2163 aaa.
1027 2118 1143 2162 esrum
1176 2100 1309 2162 nomine
1339 2099 1593 2184 intelligendum
1611 2125 1728 2189 arqen-

189 2201 294 2262 Notae
308 2200 342 2261 13
359 2201 499 2275 assibus,
518 2219 697 2282 eorumque
712 2199 867 2283 partibas.
882 2217 930 2266 33.
1030 2212 1098 2260 tum
1118 2200 1296 2266 Oscensae.
1319 2203 1388 2268 383.

252 2301 607 2365 Notasarithmetioae.
628 2302 679 2383 78.
988 2297 1052 2365 OV
1066 2301 1220 2384 scripturn
1238 2323 1299 2384 pro
1312 2301 1385 2368 OE.
1399 2304 1453 2384 75.
1524 2313 1530 2356 t

189 2403 291 2464 Numa
312 2402 470 2486 paccniac'
483 2405 649 2464 Romanae
671 2416 796 2469 auctor.
814 2419 843 2468 3.
874 2402 926 2464 sb
977 2398 1084 2466 ’03113
1103 2403 1224 2466 dictum
1241 2405 1420 2471 comitium.
1442 2406 1514 2472 358.
1630 2441 1635 2454 ,

227 2524 269 2566 eo
282 2505 422 2586 proiecti
440 2502 616 2583 Calpurnii.
638 2501 705 2566 333.
733 2503 813 2585 Ejus
830 2517 927 2585 caput
1277 2487 1290 2516 ”

226 2608 262 2666 in
285 2606 392 2668 sumis
419 2603 535 2676 Marcii
567 2602 756 2676 Censorini,
798 2617 832 2665 st
855 2615 932 2667 cur.
983 2601 1117 2666 Pvario
1137 2601 1234 2666 33383
1253 2605 1500 2686 3331313374(

228 2704 301 2778 348.
341 2705 419 2764 item
466 2699 576 2784 gentis
604 2701 814 2782 Pomponiae.
853 2699 926 2764 383.
984 2701 1132 2782 Pogonus
1148 2724 1222 2765 cum
1239 2705 1414 2784 papilione.
1432 2714 1506 2778 334.
1563 2717 1571 2732 '

226 2804 278 2865 Ab
295 2803 365 2886 ejus
389 2801 458 2864 lilio
481 2803 650 2886 Pompone
675 2800 848 2884 Pomponii
872 2821 928 2884 ps·
984 2801 1055 2862 Pali
1072 2803 1139 2862 lani
1156 2803 1254 2886 capiti
1274 2801 1392 2877 additi,
1415 2816 1448 2864 et
1464 2823 1532 2866 our.
1553 2799 1626 2868 335.

225 2927 287 2968 nus
305 2905 437 2970 ducunt.
455 2905 537 2967 ibid.
985 2901 1164 2964 Palladium
1191 2926 1209 2966 3
1230 2905 1367 2966 Metello
1391 2924 1433 2967 ex
1457 2903 1595 2968 llammis
1618 2923 1727 2972 333313

185 3009 366 3072 Numerius
382 3023 582 3090 praenomen
608 3003 665 3066 nni
690 3004 781 3088 genti
805 3003 926 3068 Fabiae
1023 3014 1106 3065 tam.
1131 3008 1200 3066 ι53.

226 3109 404 3194 proprium.
421 3111 473 3187 57.
492 3124 565 3188 uoq.
983 3101 1090 3166 Pallas
1109 3104 1295 3186 Nicephora
1321 3104 1355 3167 13
1377 3109 1483 3172 camis
1503 3101 1620 3171 Clonii.
1652 3109 1722 3189 373.

184 3211 282 3274 Numi
303 3209 398 3274 aenei
420 3207 608 3292 consulares
627 3205 682 3289 qui
701 3205 924 3290 antiquissimi.
1024 3203 1190 3267 1133313333
1213 3217 1383 3270 33333333.
1415 3211 1483 3270 383.
1526 3211 1606 3292 Ejus
1628 3223 1726 3292 capnt

225 3333 327 3393 qseq.
364 3312 415 3370 An
433 3310 551 3370 horum
566 3309 665 3391 aliqui
682 3307 757 3370 inde
775 3310 926 3372 3833313
1026 3305 1188 3386 galeatum
1211 3307 1329 3369 alatum
1352 3309 1384 3367 13
1400 3312 1506 3371 numia
1526 3323 1590 3372 tam
1608 3329 1727 3373 consus

227 3411 412 3496 supersint?
438 3429 486 3472 33.
514 3411 638 3472 Eorum
656 3409 925 3485 formarotanda‚
1025 3405 1165 3484 laribus,
1205 3429 1301 3492 quam
1322 3408 1525 3472 'familiarum
1562 3409 1618 3472 diu
1648 3429 1724 3472 con-

227 3513 347 3588 333113,
369 3509 596 3594 quadrilatera.
615 3533 662 3570 33.
701 3509 925 3594 Antiquissimi
1024 3517 1220 3571 1333333333.
1242 3511 1294 3586 84.
1326 3510 1409 3571 Eam
1427 3511 1486 3574 alis
1504 3532 1595 3574 usam
1613 3530 1724 3573 exem·

225 3611 479 3678 acacianiuai?
501 3613 583 3674 ibid.
919 3645 928 3660 ·
1022 3607 1087 3690 plis
1118 3609 1292 3690 probatur,
1316 3612 1395 3674 ibid.
1418 3629 1455 3674 ac
1485 3605 1555 3673 tum
1582 3615 1643 3674 est·
1661 3609 1721 3674 oti-

182 3715 281 3782 Nnmi
311 3711 406 3776 aenei
436 3731 497 3794 pro
526 3713 617 3776 vario
648 3712 795 3796 pondere
816 3713 926 3777 333133
1022 3725 1124 3773 nerva
1147 3710 1305 3778 Victoria.
1335 3713 1416 3774 ibid.
1458 3712 1538 3794 Ejus
1562 3711 1718 3777 attributa

220 3817 373 3900 'fixosque
387 3813 508 3876 habent
521 3827 624 3896 typos.
648 3835 695 3876 aa.
714 3833 779 3893 seq.
1023 3809 1057 3870 in
1074 3808 1216 3874 donariis
1231 3809 1380 3876 03311133.
1403 3814 1472 3893 378.
1508 3812 1589 3893 Ejus
1613 3815 1721 3876 omnia

184 3919 282 3982 Numi
302 3915 426 3980 serrati.
450 3924 502 3997 34.
545 3915 636 4009 Quae
659 3935 775 3977 eorum
796 3912 926 3978 313133·-
1023 3909 1175 3975 attributa
1193 3913 1303 3996 lepide
1320 3914 1354 3974 in
1373 3913 1632 3977 3333333113313.
1648 3913 1721 3978 333.

228 4017 416 4080 mandorum
438 4037 544 4081 33333.
563 4018 643 4078 ibid.
665 4017 791 4081 Eorum
806 4018 924 4080 catalo·
981 4011 1093 4074 Pallor
1112 4013 1145 4073 in
1168 4012 1309 4080 denariis
1331 4014 1502 4080 Hostiliae.
1530 4015 1603 4078 338.
1640 4015 1720 4098 Ejus

227 4137 307 4198 gua,
330 4119 379 4196 q5.
395 4131 490 4182 aetas.
509 4115 561 4200 36.
1023 4115 1163 4178 numinis
1179 4115 1290 4200 origo,
1314 4129 1349 4178 31
1368 4135 1494 4178 munus.
1507 4117 1588 4178 ibid.

186 4217 284 4280 Numi
301 4215 516 4300 quadrilatcri.
535 4233 581 4282 ιἰ.
981 4214 1049 4280 Ρ33
1089 4237 1223 4302 magnus
1262 4217 1422 4281 Mercurii
1465 4228 1499 4280 ct
1535 4217 1720 4302 Penelopes

183 4317 284 4384 Numi
307 4317 510 4386 familiarum.
553 4321 677 4386 Eorum
703 4317 839 4396 utilitas,
867 4320 921 4386 33.
1023 4315 1109 4382 lilius
1126 4329 1201 4396 343.
1222 4319 1331 4384 Panos
1344 4317 1586 4402 3333333333.
1600 4319 1674 4394 343.

228 4417 583 4518 augustiniensem.
979 4419 1115 4485 Panisos
1133 4433 1278 4486 terrores
1295 4420 1414 4488 avertit
1425 4419 1505 4485 31333
1514 4421 1635 4488 Pavor.
1647 4419 1721 4486 333.
1829 4477 1833 4482 .
