4212 5516
432 593 483 672 0,
984 571 1434 649 ruossano-uana

437 709 657 828 dictaturam,
677 739 752 812 'alio
777 747 856 816 tosa
880 743 910 828 ¹)
938 744 980 814 V.
1003 745 1039 808 C.
1061 741 1132 828 ⁶⁶7·
1163 763 1184 806 a
1237 756 1289 810 rat
1303 743 1482 809 Suetomus
1496 741 1539 807 de
1560 744 1584 807 1.
1600 743 1815 829 Gaesarem
1837 747 1988 809 Praeter·

326 923 328 928 ,
439 857 544 920 Mario
570 849 757 917 Gratidiano
785 859 939 932 praetore
968 859 1096 924 eremos
1122 857 1182 910 sta·
1238 867 1279 910 ea
1315 859 1491 924 monetae,
1513 847 1730 929 'publicisque
1759 845 1990 930 uectigalibus

437 958 515 1032 tuit,
546 968 643 1038 utque
664 948 874 1030 idemnariis
894 968 957 1032 per
983 969 1065 1032 opus
1088 967 1182 1039 suum
1236 949 1426 1027 peculiares
1469 967 1582 1011 servos
1615 951 1819 1030 praeposuit.
1881 945 1989 1038 Quam

373 1095 375 1100 ,
436 1061 519 1124 locis
544 1057 594 1121 sui
618 1053 751 1120 omnino
768 1051 887 1114 oblitus
910 1051 1032 1132 passim
1048 1048 1183 1130 Illviros
1239 1046 1424 1112 orationem
1455 1059 1496 1110 nt
1528 1047 1741 1111 conciliemus
1777 1068 1853 1111 cum
1881 1048 1989 1111 certis

434 1159 617 1228 monetales
644 1155 789 1242 quescit
814 1153 849 1214 in
873 1151 997 1228 nemis,
1031 1147 1181 1234 quiajos
1213 1168 1420 1218 ,nemorum
1435 1148 1649 1227 testimoniis,
1689 1149 1746 1236 qui
1770 1162 1914 1214 anctum
1929 1169 1989 1234 po·

433 1267 535 1350 ipsius
566 1256 774 1324 confessione
800 1253 910 1354 molto
932 1265 1006 1326 ante
1032 1265 1181 1336 tempure
1238 1248 1302 1313 tius
1336 1250 1528 1316 Illvirorum
1563 1233 1772 1329 nnmerum.
1796 1271 1895 1338 quam
1931 1251 1988 1314 ad·

437 1361 619 1429 Gratidiani
637 1355 786 1444 percussi
803 1366 886 1417 sunt.
914 1353 963 1422 Vt
980 1371 1093 1417 omnes
1113 1365 1182 1414 tres
1239 1363 1381 1435 emptam
1398 1351 1443 1415 iis
1462 1365 1613 1417 monetae
1629 1352 1887 1438 praefecturam,
1919 1373 1990 1416 ser-

438 1464 619 1532 sententiae
645 1481 709 1523 nna
734 1455 913 1522 consistere
938 1475 1005 1518 non
1027 1468 1180 1540 possunt,
1238 1451 1353 1537 visque
1379 1452 1529 1520 traditam
1556 1453 1774 1541 eloquuntur,
1809 1453 1988 1518 dicendam

389 1625 392 1630 .
437 1564 735 1649 sicprimacerte
763 1557 934 1621 falsatam
962 1557 1184 1620 exoratione·
1238 1551 1319 1630 erit,
1344 1555 1520 1622 Caesarem
1545 1557 1650 1624 servis
1680 1578 1747 1620 non
1769 1571 1921 1620 monetae
1945 1557 1989 1619 si-

437 1665 630 1750 Pomponii,
661 1680 757 1747 quam
787 1658 882 1722 citata
911 1655 1082 1722 dicereris
1113 1657 1184 1743 epi·
1237 1653 1385 1739 guandae
1407 1660 1596 1746 negotium,
1631 1657 1691 1722 sed
1707 1672 1857 1722 monetae
1880 1657 1988 1743 publi·

438 1767 540 1845 stola,
584 1765 618 1826 in
653 1783 731 1850 qua,
774 1760 917 1846 quinquo
954 1759 1069 1824 saltem
1106 1773 1180 1824 ante
1235 1779 1293 1822 cac
1314 1759 1458 1844 signatae
1479 1758 1657 1824 custodiam
1678 1759 1866 1838 mandasse,
1896 1759 1983 1844 quod

436 1866 584 1934 Caesaris
608 1865 798 1962 dictaturam
823 1861 914 1926 annis
942 1863 1081 1946 scripta,
1117 1861 1180 1944 jam
1234 1861 1339 1944 ipsum
1365 1861 1412 1924 ibi
1435 1861 1469 1923 in
1494 1861 1597 1947 spreti
1621 1860 1723 1947 patrii
1749 1861 1852 1936 moris
1876 1882 1984 1926 exem·

433 1972 495 2038 hos
522 1966 699 2034 memorari
720 1965 855 2028 Illviros
878 1963 1029 2030 vidimus.
1079 1961 1177 2056 Quod
1234 1963 1298 2046 plis
1327 1962 1493 2041 retertur,
1522 1984 1613 2041 cnm,
1652 1960 1743 2049 quod
1773 1975 1982 2046 quaestorum

430 2093 516 2140 vero
541 2071 588 2135 de
608 2067 796 2134 Gratidiano
819 2059 997 2141 memorit‘,
1026 2063 1110 2126 nihil
1136 2064 1181 2126 ad'
1233 2063 1295 2126 tuis
1317 2063 1351 2125 in
1375 2083 1490 2130 servos
1515 2063 1690 2128 transtulit.
1742 2063 1867 2130 llllviri
1888 2064 1985 2128 etiam

429 2187 642 2260 praesentem
658 2191 785 2234 causam
807 2169 960 2250 pertinet.
987 2165 1088 2226 Plinii
1104 2183 1191 2231 ver-¹
1234 2163 1335 2228 scribi
1377 2177 1597 2249 perrexerunt
1636 2165 1671 2226 in
1700 2165 1806 2228 numia
1850 2165 1981 2231 ffltiro·

430 2270 628 2354 basuntb):
660 2271 848 2332 Miscentur
872 2267 1086 2349 oerusulsue
1109 2287 1180 2328 mo·
1233 2287 1305 2328 rum
1324 2267 1424 2330 tte.
1447 2271 1484 2330 C.
1503 2267 1638 2330 noinine
1656 2266 1799 2349 signatis.
1839 2267 1978 2352 Ampius

429 2392 536 2440 netur.
561 2374 643 2436 Atti
657 2368 1176 2452 sponderesubtralsunt··lgi·
1233 2367 1352 2432 deinde
1372 2367 1494 2446 hiatus,
1528 2369 1718 2452 magistratu
1742 2370 1899 2458 monetali
1919 2390 1981 2454 per

431 2489 488 2538 tur
505 2475 673 2556 arefacta
692 2473 848 2534 denarium
863 2473 1020 2553 probare,
1042 2481 1112 2532 tam
1123 2471 1176 2547 ju·
1231 2483 1411 2556 sequentes.
1428 2469 1581 2555 proxime
1608 2486 1710 2533 annos
1733 2490 1856 2535 nomen
1876 2491 1977 2534 soom

431 2575 541 2636 eunde
557 2575 630 2655 lege
643 2573 755 2655 plebi,
776 2586 813 2635 ut
834 2573 948 2633 Μανίυ
973 2569 1175 2632 Gratidiano
1231 2571 1267 2634 in
1295 2584 1427 2636 moneta
1462 2569 1594 2657 publica
1630 2569 1802 2637 reticente.
1855 2573 1978 2636 'l'erna-

298 2667 302 2674 ’
429 2677 568 2740 vicatim
587 2686 678 2736 totus
693 2685 826 2736 statuas
842 2675 1019 2736 dt'cus·ert't..
1045 2671 1174 2768 Cicero,
1231 2673 1317 2746 rium
1350 2693 1522 2738 numerum
1549 2671 1694 2736 restituit
1717 2671 1884 2758 Augustus
1922 2673 1979 2738 do·

430 2776 486 2860 qui
505 2773 595 2838 id'em
609 2771 732 2838 lectum
747 2772 853 2838 relect
868 2773 915 2855 ⁰),
943 2771 1052 2858 legem
1073 2795 1096 2834 a.
1108 2775 1175 2834 Ma·
1231 2791 1327 2842 centa
1348 2777 1434 2840 istud
1449 2773 1589 2860 primum
1608 2773 1737 2853 Dione,
1767 2775 1860 2858 cujus
1877 2774 1978 2840 verba

428 2877 482 2941 rio
500 2877 596 2941 latam
616 2877 679 2954 ait,
707 2890 817 2941 utres
838 2877 993 2938 numeria
1021 2877 1062 2936 de
1089 2885 1174 2937 eom·
1230 2879 1316 2941 inira
1354 2877 1521 2954 recitabo,
1560 2873 1680 2940 deinde
1720 2876 1837 2941 onmis.
1902 2875 1975 2972 Quo

399 2983 521 3050 ,eunt
537 2981 706 3044 sententio
719 2979 988 3041 constitueretur.
1019 2975 1173 3038 lectudo·
1231 2975 1316 3043 istud
1345 3001 1431 3044 auno
1454 2981 1594 3056 sactum,
1634 2989 1704 3041 tuto
1730 2976 1896 3043 adfirmari
1922 3001 1977 3043 ne·

428 3095 486 3146 tur
501 3087 603 3160 cuitu,
630 3081 796 3146 continuat
812 3078 902 3143 idem
924 3075 990 3142 sed
1001 3077 1174 3162 qnac'seo·
1232 3083 1312 3168 quit.
1365 3082 1546 3166 Aquillius,
1590 3079 1761 3159 Caninius,
1798 3075 1975 3158 Dormiat,

427 3189 528 3252 tentia
551 3187 688 3252 eruditis
706 3184 836 3249 videtur
851 3183 992 3258 intrusa,
1019 3181 1173 3263 tempori·
1229 3183 1422 3259 Petronius,
1464 3201 1603 3266 quorum
1627 3181 1720 3244 numi
1750 3181 1868 3266 signati
1903 3197 1976 3245 sunt

427 3291 488 3352 bus
521 3291 595 3352 illis
624 3307 764 3361 numus,
794 3287 844 3346 eie
874 3296 912 3345 ut
940 3301 1034 3366 nepte
1061 3273 1173 3362 posset
1230 3285 1271 3352 V.
1289 3285 1325 3350 C.
1349 3285 1433 3366 734,
1471 3297 1525 3346 aot
1550 3284 1726 3364 proximis,
1780 3303 1855 3347 sese
1885 3285 1975 3348 Illvi-

426 3381 529 3463 ses're,
565 3391 646 3466 quid
671 3387 821 3483 [luberet.
862 3381 957 3444 Nihil
975 3381 1008 3442 in
1031 3393 1170 3466 utroque
1229 3407 1286 3451 ros
1326 3383 1501 3470 appellant.
1544 3385 1662 3452 Vtrum
1702 3385 1876 3450 anteriore.
1899 3406 1977 3470 quo-

425 3501 558 3552 auctore
591 3487 633 3551 de
667 3485 860 3572 praepositis
896 3481 1003 3546 modo
1024 3482 1171 3559 lllririr,
1230 3489 1317 3576 piam
1355 3507 1439 3552 anno
1482 3487 1567 3550 haec
1604 3487 1740 3551 mutatio
1782 3481 1977 3572 contigerit,

425 3603 548 3674 tautum
565 3589 733 3654 fraudibus
751 3599 889 3652 cautum.
1219 3593 1406 3680 *ignor-atur,
1610 3581 1613 3588 ’

489 3693 575 3762 Cum
597 3692 752 3757 hactenus
780 3705 847 3754 tres
875 3707 1014 3750 numero
1042 3699 1171 3758 essent,
1218 3763 1225 3778 ι
1291 3691 1367 3786 Quo
1383 3693 1458 3757 loco
1476 3693 1600 3754 Romae
1629 3688 1752 3754 fuerint
1768 3691 1803 3754 ht
1827 3705 1978 3758 monetae

425 3802 450 3861 1.
467 3797 609 3872 Caesar,
648 3795 705 3880 qni
731 3791 973 3876 magistratuum
1001 3809 1172 3852 numerum
1230 3795 1390 3880 praelecti
1421 3807 1530 3858 narrat
1557 3791 1621 3854 Dio
1653 3789 1695 3854 ad
1725 3814 1845 3858 annum
1874 3795 1916 3864 V.
1940 3797 1977 3860 C.

424 3901 528 3982 aurit,
567 3913 601 3962 ut
630 3887 777 3982 pluribus
807 3907 917 3976 posset
944 3889 1077 3956 reicere
1101 3895 1174 3975 gra·
1231 3899 1357 3980 7410).
1407 3897 1583 3980 Postquam
1613 3895 1699 3957 enim
1729 3895 1883 3974 dixisset,
1912 3899 1977 3959 Au·

426 4003 531 4078 tiam,
568 4023 666 4064 unum
710 3993 843 4061 addidit.
901 3997 1036 4058 Factum
1086 3991 1173 4054 istud
1231 4013 1360 4082 gustum
1388 4019 1427 4060 ex
1455 3995 1618 4082 equitibus
1644 3998 1768 4080 legisse
1795 3999 1855 4060 XX
1877 3999 1976 4072 viros,

427 4101 633 4167 hauddubie
662 4103 702 4170 V.
728 4101 771 4164 C..
794 4119 876 4182 709,
909 4117 980 4160 nam
1011 4095 1170 4176 inhujus
1228 4098 1288 4182 qui
1311 4099 1407 4161 obitis
1428 4100 1569 4184 primum
1600 4098 1813 4164 inferioribus
1835 4101 1977 4162 muneri-

425 4205 565 4290 primum
582 4206 661 4267 anni
682 4204 788 4266 nnmis
804 4201 843 4264 ad
867 4201 953 4262 hune
977 4197 1171 4259 dictatorem
1226 4197 1288 4262 bus
1307 4201 1472 4285 adspirare
1498 4197 1618 4263 deiude
1644 4200 1684 4264 ad
1707 4197 1901 4262 senatoriam
1931 4199 1978 4260 di-

427 4305 668 4390 pertinentibus
697 4327 758 4389 pro
780 4301 903 4369 lllriri's
924 4312 1077 4364 notantur
1097 4297 1169 4360 llll·
1229 4299 1555 4386 gnitatenapossent,
1586 4301 1749 4364 intereos
1770 4299 1977 4387 etiamprae·

424 4407 509 4480 viri,
530 4419 565 4468 ut
586 4406 767 4490 putabitur
790 4405 1042 4492 hujyusmoneta.
1090 4401 1171 4464 Nar·
1229 4417 1281 4466 ter
1301 4404 1434 4466 iiiviros
1451 4406 1605 4488 capitales
1624 4415 1794 4466 enumerat
1812 4423 1867 4477 rap
1885 4425 1976 4482 τρεις,

460 4719 490 4790 a)
510 4717 679 4792 Paetus·
726 4711 1485 4806 ι))ι..11111111.1.46..-ο)οιίὶο.1..ῐ[ιο..20..Ι
1546 4715 1580 4786 d)
1600 4713 1730 4792 capno.
1806 4714 1970 4789 e)L.LtV.

422 4811 505 4880 §.tn
