4180 5484
318 591 321 606 .
410 559 490 628 too·
648 598 652 606 ,
1069 531 1303 608 cvlt'rta.
1410 530 1412 534 ’
1524 541 1526 548 ’

415 715 492 789 laos,
518 707 605 794 quod
625 723 689 770 uno
706 715 801 788 partu
821 701 900 768 editi
919 701 1029 780 fuera,
1054 699 1160 766 dictos
1218 703 1294 766 satis
1323 701 1484 786 explicata
1512 700 1606 764 ratio.
1650 699 1862 786 Nequaquam
1894 723 1969 786 pro-

417 817 630 896 tergeminos,
656 819 791 872 testatur
815 804 941 868 Plinius
963 805 1003 884 ¹).
1049 805 1161 886 Tergc·
1217 804 1297 866 bare
1319 823 1451 886 possum
1474 802 1625 879 modum,
1658 821 1724 886 quo
1750 823 1789 866 ea
1813 823 1971 889 compen-

416 919 524 978 mt’nos
543 916 639 986 nosci
658 923 782 972 certam
802 921 852 970 est
862 905 1080 968 Horatiorum
1098 905 1160 967 Cu·
1218 905 1270 968 dia
1319 905 1461 988 explicat
1508 905 1756 988 Haveroampus
1803 905 1968 993 legendo:

414 1020 657 1092 riatiorumqua
677 1010 837 1093 exemplo.
871 1007 1012 1089 Propius
1036 1003 1161 1070 atilios
1218 1007 1323 1070 Caius
1352 1007 1524 1074 CVllt'atii
1551 1006 1678 1082 Filius,
1708 1007 1850 1089 perinde
1878 1011 1971 1095 quasi

415 1117 567 1194 denarios
595 1111 796 1188 Columella,
825 1128 1011 1174 memorans
1035 1105 1068 1190 l>)
1098 1106 1163 1170 Al·
1218 1106 1305 1170 filius
1343 1108 1505 1171 Curiatius
1543 1107 1641 1172 alium
1677 1103 1826 1190 patrm,
1873 1131 1970 1195 quum

414 1222 519 1284 bunos
551 1218 724 1281 Curiatiae
746 1211 909 1298 familiae
943 1207 1163 1274 TllIGEMI·
1220 1209 1398 1273 Curiatium
1427 1208 1550 1272 habere
1577 1210 1748 1290 potuisset.
1787 1199 1879 1276 ‘Sane
1908 1213 1972 1276 aliu

412 1317 592 1386 NORVM
607 1326 740 1377 matres.
768 1312 805 1373 Si
823 1323 1022 1374 memoratus
1041 1309 1075 1372 in
1095 1309 1159 1370 hoo
1216 1310 1278 1373 fait
1295 1312 1451 1375 Romanis
1472 1311 1557 1374 ratio
1577 1311 1754 1394 profitendi
1771 1313 1884 1394 patria.
1914 1315 1974 1380 vi·

416 1419 550 1484 denario
573 1417 608 1478 C.
628 1411 788 1476 Curiatius
815 1409 905 1474 idem
932 1408 996 1472 fuit
1023 1430 1098 1473 eum
1119 1409 1158 1474 C.
1218 1413 1314 1476 detur
1335 1413 1454 1478 melius
1479 1411 1678 1498 legendum:
1716 1413 1753 1477 C.
1774 1413 1975 1482 CVRiutr'us

415 1519 560 1590 Curiatio
591 1515 724 1578 tribuno
754 1511 819 1595 pt,
859 1506 915 1597 q'ui
945 1512 986 1578 V.
1011 1512 1048 1574 C.
1081 1506 1162 1582 δώ,
1219 1515 1348 1592 Filius,
1381 1538 1454 1580 nam
1486 1515 1533 1578 sio
1562 1515 1659 1578 etiam
1682 1513 1843 1580 ltalsemus
1863 1517 1899 1578 iu
1920 1517 1974 1578 Li·

416 1619 505 1708 quad
527 1617 663 1681 antehae
687 1614 883 1690 inauditum,
910 1613 951 1676 D.
967 1615 1105 1674 Brutum
1130 1623 1164 1704 et
1220 1616 1345 1682 vinela:
1388 1617 1608 1686 REGVLVS.
1640 1616 1699 1691 F..
1739 1615 1774 1678 in
1809 1619 1973 1681 Procilio:

415 1725 455 1788 Ρ.
477 1719 663 1803 Scipionem
693 1715 845 1780 eonsules
873 1715 907 1777 in
936 1714 1063 1780 vincula
1085 1732 1163 1778 con·
1219 1721 1258 1783 L.
1278 1717 1544 1793 PROC1L1.F.,
1576 1719 1727 1780 nimirum
1751 1732 1788 1781 ut
1808 1719 1900 1782 inter
1921 1741 1976 1804 ps·

415 1825 511 1910 jacit,
542 1821 624 1884 nihil
653 1839 729 1882 sane
757 1818 791 1880 in
818 1830 966 1883 veterem
987 1817 1077 1880 illam
1101 1815 1163 1878 Cu·
1219 1833 1304 1884 trem
1331 1819 1500 1905 liliumque
1532 1819 1708 1882 discrimen
1739 1833 1849 1896 esset,
1886 1822 1975 1904 quod

415 1927 586 1992 riatiorum
615 1934 749 2006 gentem
776 1920 856 2003 juris
884 1918 1012 1996 habuit,
1041 1937 1160 1982 name
1216 1922 1421 2005 potissimum
1438 1921 1972 2004 confirmaturexemp10211ES·

416 2031 600 2102 Cicerone,
635 2022 691 2110 qui
720 2021 841 2085 lactum
870 2021 958 2084 istud
985 2020 1091 2084 relert
1112 2024 1159 2106 ο),
1217 2025 1312 2088 sah.
1333 2025 1390 2103 F„
1415 2024 1456 2088 de
1479 2043 1544 2109 quo
1567 2021 1643 2090 tide
1666 2021 1751 2088 inlus
1773 2023 1809 2086 iu
1831 2023 1970 2094 Valerio

415 2132 512 2193 homo
536 2129 683 2190 amatum
704 2124 838 2206 infimus
859 2135 892 2186 et
913 2123 1166 2186 sordidissimus
1222 2126 1386 2188 Messalla.
1475 2199 1482 2208 .

357 2243 363 2250 '
418 2230 610 2318 appellatur.
640 2225 847 2313 Epigraphea
867 2225 904 2290 C.
923 2223 1021 2293 CVR.
1040 2222 1078 2284 F.
1099 2241 1166 2288 non

1027 2616 1369 2725 chrra

484 2835 574 2901 Gens
596 2831 754 2920 plebeia.
1365 2837 1431 2900 CN.
1459 2837 1617 2908 DOMl'l'.
1665 2843 1773 2927 Caput
1802 2841 1983 2928 Apuliam

456 2953 462 2966 ’
563 2935 605 3030 Q.
625 2936 754 3006 CVRT.
791 2931 899 3020 Caput
919 2931 1072 2998 Palladis
1095 2931 1165 2996 ala·
1365 2938 1451 3000 laur.

563 3053 650 3117 tum,
669 3059 756 3122 pone
772 3037 813 3102 X.
1225 3036 1268 3132 Q.
1286 3039 1415 3111 CVRT.
1435 3041 1575 3111 SILAN.
1597 3045 1700 3130 Lym.
1723 3045 1798 3114 ΑΕ.
1821 3046 1880 3125 lll,

421 3150 466 3210 M.
484 3143 593 3235 stoa.
622 3141 772 3224 Iuppiter
788 3141 824 3202 in
843 3141 923 3202 citis
941 3138 1115 3222 quadrigis
1134 3136 1165 3200 d.

412 3245 738 3335 summutantur,
769 3261 796 3303 r.
818 3235 1002 3324 sceptrum,
1031 3257 1171 3324 superne
1215 3279 1222 3294 ·
1291 3241 1498 3324 Verisimile,
1541 3247 1601 3314 Cn.
1625 3248 1827 3328 Domitium,
1863 3253 1911 3316 tt.
1935 3251 1986 3312 lu·

405 3343 505 3429 'quid
521 3341 742 3416 instaurat,
764 3339 856 3422 infra
874 3339 1016 3405 nortl.
1228 3341 1317 3430 nium
1347 3345 1509 3424 Silanum,
1543 3347 1585 3441 Q.
1608 3349 1757 3414 Curtium
1786 3353 1893 3418 luisse
1923 3375 1987 3416 una

565 3444 633 3508 CN.
649 3439 776 3504 DOMl.
807 3442 914 3524 Caput
932 3442 1023 3504 Iovis
1043 3439 1171 3502 laureu-
1229 3445 1363 3510 lllriros
1383 3446 1471 3512 iorte
1488 3451 1641 3515 roloniae
1659 3451 1892 3532 deducendae,
1912 3455 1988 3516 lios·

569 3561 656 3621 tum,
674 3563 760 3627 pone
780 3541 813 3602 S.
1229 3567 1294 3634 que
1315 3569 1431 3613 namot
1453 3571 1575 3618 aeneos
1596 3565 1689 3619 extra
1711 3559 1831 3622 urbam
1860 3557 1986 3620 lerien-

424 3657 471 3721 Μ,
489 3650 597 3716 sint.
616 3645 656 3740 Q.
674 3643 819 3710 CVRTI.
845 3643 958 3707 Glauce.
984 3639 1102 3705 Semis.
1230 3649 1290 3714 (los
1317 3669 1467 3732 ourasso,
1499 3653 1575 3737 quia
1603 3659 1756 3740 spectatis
1786 3657 1873 3742 typis
1901 3657 1985 3720 nihil

569 3751 636 3818 CN.
653 3745 779 3811 DOMI·
811 3747 918 3829 Caput
937 3743 1093 3806 Herculis
1113 3744 1173 3806 im·
1229 3753 1352 3832 habeut
1370 3773 1444 3818 cum
1462 3755 1590 3844 reliqua
1607 3761 1831 3824 Romanorum
1852 3771 1985 3825 moneta

569 3851 671 3914 barbe.
1153 3897 1158 3904 -
1231 3875 1333 3920 senes
1354 3874 1538 3922 commune.

428 3964 474 4026 tt.
501 3957 609 4020 Sllnl.
638 3951 680 4045 Q.
708 3947 851 4018 cvfl'rt.
900 3947 1028 4024 Arous,
1058 3948 1172 4022 clava,

425 4061 583 4143 jaculum.
607 4055 677 4122 ΔΕ.
694 4055 735 4118 ll.
1295 4042 1364 4106 att.
1384 4057 1417 4106 et
1435 4041 1505 4107 att.
1525 4041 1689 4109 minutii.

468 4801 499 4874 a)
518 4793 622 4858 mu,
639 4793 700 4869 §.a
776 4787 812 4860 b)
833 4785 869 4844 de
885 4783 929 4844 lie
944 4798 1015 4846 rust.
1031 4787 1063 4846 L.
1076 4785 1126 4848 lll.
1143 4795 1203 4849 etl·
1278 4785 1309 4858 o)
1329 4779 1367 4839 ‹le
1383 4779 1473 4855 legib.
1492 4781 1523 4840 L.
1535 4779 1586 4844 lll.
1606 4803 1628 4840 e.
1642 4797 1668 4856 9.
