4254 5494
661 521 663 530 ’
776 517 1036 614 'eventa
1383 541 1386 555 ·
1628 559 1724 660 aas«)¹

146 700 291 788 deniqne
308 701 430 788 judicio
442 684 618 767 standum?
649 703 742 789 Ego,
766 703 822 789 qni
838 725 898 768 nu·
954 704 1092 790 epistola
1112 703 1214 770 altera
1229 687 1335 770 reierr
1351 703 1471 769 Cicero
1491 707 1632 793 loquens
1657 710 1702 776 de

147 827 239 868 mum
265 825 331 868 non
351 805 510 881 viderim,
537 827 647 890 neque
673 807 896 872 condemnare
955 805 1137 872 civitatibus
1156 817 1234 870 snae
1251 807 1502 891 jurisdictionis:
1519 812 1630 876 nullos
1644 813 1702 876 iro·

146 907 189 970 ab
213 926 252 970 ea
278 919 388 990 parta,
425 927 535 994 neque
565 907 719 990 recipere
752 929 897 993 possam.
956 929 1053 998 nores
1076 912 1144 972 nisi
1164 909 1335 974 verborum
1359 913 1492 972 decerni
1513 911 1608 987 sino,
1633 927 1703 976 sto·

151 1007 292 1074 Omissis
320 1007 423 1092 igitur
449 1007 695 1073 auetoritatibus
726 1031 789 1073 nna
817 1007 898 1072 milti
956 1020 1056 1087 tuus,
1063 1014 1172 1096 fene,
1192 1011 1347 1089 redeam
1354 1009 1537 1092 prohibeo,
1554 1031 1615 1074 nec
1629 1034 1704 1076 snm

150 1124 345 1194 argumenta
375 1110 560 1174 extrinseca
594 1109 752 1195 permissa
781 1110 899 1188 rideo,
956 1111 1029 1174 ullo
1051 1111 1180 1173 realia
1202 1107 1590 1224 inolestusffvitotibus.
1637 1110 1704 1205 Qui

149 1212 268 1298 quibus
294 1211 473 1274 seeundum
501 1212 579 1276 artis
604 1225 737 1275 nostrae
762 1229 898 1295 proece-
954 1211 1187 1296 prohihuerat,
1204 1231 1248 1274 ne
1268 1209 1330 1273 silai
1348 1223 1552 1294 ponerentur
1564 1225 1703 1292 statuae,

147 1327 205 1400 pta
235 1312 373 1377 admotis
403 1311 499 1376 l'aoile
529 1327 580 1376 est
605 1333 780 1376 nemorum
810 1312 897 1376 simi·
955 1323 988 1374 et
1007 1313 1150 1397 templa,
1173 1333 1255 1396 quos
1277 1325 1387 1376 tamen
1411 1313 1556 1377 honores
1581 1317 1614 1378 in
1629 1335 1706 1400 pro·

151 1417 234 1480 lium
256 1412 399 1477 omnium
421 1413 551 1498 spurios
571 1415 695 1480 natales
725 1411 897 1500 detegere.
954 1415 1107 1478 eonsules
1127 1405 1265 1479 collatos
1287 1430 1353 1478 non
1372 1413 1423 1476 his
1443 1415 1542 1479 modo
1559 1419 1705 1481 testimo·

151 1517 201 1580 An
224 1515 365 1600 primum
391 1515 523 1600 quidem
542 1515 620 1600 quid
639 1517 679 1579 ad
701 1515 898 1580 Ciceronem
954 1515 1016 1578 niis
1033 1517 1211 1592 doeemur,
1240 1515 1299 1580 sed
1323 1516 1420 1580 etism
1439 1538 1457 1579 a
1477 1517 1635 1582 Suetonio
1659 1519 1703 1602 b),

151 1631 301 1682 nostrum
322 1617 489 1702 Magnesia
512 1617 640 1701 Sipyli?
669 1617 746 1680 Fuit
774 1617 802 1680 is
822 1639 900 1702 pro·
955 1637 996 1679 an
1016 1617 1046 1678 ia
1067 1616 1284 1699 permissurus
1306 1619 1440 1694 inisset,
1465 1631 1501 1679 ut
1520 1641 1577 1682 sua
1591 1619 1705 1703 imagi·

151 1719 267 1786 oonsnl
286 1719 441 1796 Ciliciae,
460 1717 501 1782 ad
521 1739 617 1804 quam
638 1717 898 1802 jurisdictionem
955 1735 1002 1778 ne
1023 1717 1209 1800 signaretur
1233 1716 1375 1779 numos?
1408 1739 1448 1780 an
1472 1718 1558 1779 istud
1587 1741 1704 1784 anama

151 1835 222 1885 tum
252 1821 445 1907 pertinuere
474 1841 605 1905 quoqne
639 1823 789 1904 Cyprus,
819 1821 900 1884 Pisi·
956 1816 1057 1880 Asia?
1079 1837 1119 1880 sn
1136 1819 1170 1882 in
1189 1832 1276 1882 tanto
1300 1836 1439 1880 numero
1457 1817 1623 1880 hominnm
1639 1821 1705 1882 Ro·
1773 1837 1776 1844 ’

154 1924 226 2000 dia,
274 1921 484 2006 Pamphylia,
535 1923 720 2006 Lycaonia,
769 1935 804 1985 et
831 1936 902 1986 tres
958 1937 1127 1982 manorum
1149 1918 1192 1982 de
1215 1917 1393 2004 provinciis
1415 1921 1585 2000 praeclare
1607 1922 1705 1982 meri·

154 2023 328 2088 dioeceses
361 2023 541 2100 Asiaticae,
585 2023 782 2106 Cibyratica,
821 2025 901 2106 Syn·
957 2033 1067 2082 torum
1100 2020 1155 2092 vel
1189 2021 1320 2083 unieum
1360 2032 1465 2082 exstat
1505 2023 1704 2105 exemplum,

154 2123 324 2202 undensis,
357 2123 561 2207 Apamensis.
613 2125 659 2187 At
679 2123 847 2208 Magnesia
867 2125 902 2186 in
959 2120 1047 2205 qnod
1064 2121 1222 2196 doceret,
1246 2135 1349 2184 stante
1365 2143 1436 2206 rep.
1456 2123 1596 2184 viventis
1610 2135 1708 2202 caput

151 2225 256 2308 Lydia
282 2227 342 2288 sita
372 2225 491 2288 eodem
522 2239 673 2308 tempore
700 2223 740 2319 Q
760 2225 902 2289 Minutio
959 2221 1022 2286 etsi
1051 2223 1250 2306 amplissime
1272 2223 1314 2285 de
1343 2244 1379 2287 se
1411 2223 1523 2286 meriti
1553 2235 1707 2285 monetae
1803 2228 1811 2242 ¹

56 2403 59 2410 Δ
150 2327 299 2390 Thermo
319 2325 530 2411 propraetori
551 2327 648 2400 Asiae
670 2327 787 2410 paruit.
826 2325 900 2419 Qua
956 2325 1106 2410 publicae
1128 2323 1278 2386 illatum?
1310 2323 1522 2402 Praesident,
1552 2337 1707 2408 patrono·

151 2446 235 2510 ergo
258 2427 301 2492 de
318 2441 496 2494 causatum
521 2425 711 2510 diligentem
734 2429 768 2490 in
788 2428 900 2492 obser·
956 2445 1096 2511 rumque
1120 2425 1316 2510 frequenter
1337 2425 1477 2508 legimus
1499 2425 1646 2501 nomina,
1674 2435 1707 2488 et

149 2528 259 2592 vando
277 2529 411 2592 ltonrine
434 2513 542 2592 alieno
562 2531 764 2614 Magnesiam
781 2545 899 2594 statne·
947 2528 1144 2612 ,ignoramus
1170 2525 1308 2591 vultum.
1352 2529 1391 2592 Τ.
1407 2527 1561 2620 Quinctio
1585 2525 1707 2588 Flami·

149 2629 245 2692 mns?
278 2627 433 2692 Advertit
453 2629 494 2692 ad
516 2627 602 2693 huno
626 2629 768 2716 lapidem
795 2633 899 2694 Anto·
955 2629 1034 2692 nino
1052 2627 1284 2692 Chalcidenses
1297 2626 1453 2690 Euboeae
1473 2627 1518 2690 ob
1533 2627 1704 2710 praeclara

150 2733 224 2794 nius
237 2729 348 2794 Faber
367 2733 413 2814 ⁸),
435 2751 533 2818 quem
548 2730 635 2795 adeo
649 2745 685 2794 nt
700 2731 898 2813 declinaret,
956 2749 1013 2792 sna
1031 2729 1206 2793 adeersum
1225 2751 1260 2792 se
1273 2730 1394 2792 'merita
1410 2729 1556 2793 honores
1575 2727 1704 2794 divinos

150 2833 291 2910 adserit,
310 2855 381 2895 esse
402 2855 517 2896 cusum
537 2836 701 2896 numisma
720 2855 741 2896 o
758 2835 899 2917 Magne·
955 2829 1101 2892 habuere
1126 2832 1174 2912 ο),
1205 2843 1238 2893 at
1258 2843 1354 2913 eaput
1372 2831 1444 2912 ejus
1470 2833 1618 2894 inserere
1637 2849 1707 2892 mo-

151 2939 260 3001 rionis
279 2935 341 2998 sub
370 2934 492 3017 Quinti
500 2936 629 3020 fratris
649 2935 809 3017 imperio,
838 2937 899 2996 sub
956 2943 1051 2994 netse
1077 2932 1147 2992 ausi
1164 2949 1230 2992 non
1258 2944 1342 2992 snnt.
1375 2929 1537 3020 lilimirum
1565 2931 1706 2994 urbisin

152 3059 216 3120 quo
240 3057 353 3100 omnes
369 3037 500 3100 Asiani
522 3033 715 3116 complure,
737 3037 901 3097 maxima·
958 3029 1028 3092 hoo·
1044 3029 1231 3113 exemplum
1249 3043 1382 3093 secutae
1411 3043 1485 3092 sunt
1505 3029 1703 3113 provinciae,

154 3158 216 3220 que
235 3135 393 3224 beneficia
411 3159 433 3202 a
452 3139 607 3200 Cicerone
627 3147 842 3218 occeperunt,
860 3135 901 3197 ob
958 3149 1033 3195 enm
1050 3144 1147 3216 eaput
1168 3131 1202 3193 in
1221 3132 1328 3195 numia
1350 3131 1553 3215 propositum
1573 3151 1706 3212 semper

153 3229 241 3320 queo
262 3241 416 3321 publicos
432 3239 573 3300 bonores
593 3235 650 3298 illi
672 3237 900 3320 decreverunt,
959 3234 1077 3296 sommi
1094 3233 1234 3316 fastigii,
1256 3245 1290 3296 et
1303 3231 1471 3296 inimicum
1485 3231 1644 3294 libertatis
1662 3230 1707 3293 sit

154 3361 294 3421 quornm
320 3341 433 3402 Cicero
451 3343 521 3422 ipse
539 3337 690 3400 meminit
712 3335 900 3418 epistolari.
959 3333 1115 3400 habitum.
1168 3334 1255 3398 linio
1284 3334 1481 3419 gravissimo
1509 3346 1706 3418 argumento

155 3443 200 3503 ed
211 3439 374 3524 Quintum
380 3440 529 3522 srotrem
545 3437 737 3504 traherer
744 3439 902 3500 Atticum
960 3437 988 3500 s'i
1004 3435 1101 3501 addas
1116 3437 1311 3500 insolentem
1331 3455 1465 3502 aversae
1478 3450 1592 3519 typum
1612 3435 1705 3498 nullo

157 3541 198 3606 L.
224 3543 264 3604 V.
296 3563 344 3626 ep.
376 3539 441 3602 ult.
479 3537 663 3605 Enimvero
693 3539 831 3622 reperio
866 3538 905 3601 in·
959 3552 1055 3623 paeto
1081 3537 1121 3601 ad
1143 3551 1290 3602 veterent
1315 3537 1447 3601 modurn
1473 3549 1704 3620 comparatum,

154 3643 270 3728 priore
290 3661 333 3706 ex
356 3639 461 3705 nitatis
482 3640 637 3724 epistola,
662 3659 731 3724 ttuo-
750 3653 901 3725 tempore
960 3660 998 3704 ao
1011 3653 1183 3724 praeterea
1196 3639 1258 3701 tria
1274 3639 1344 3720 ejus
1362 3637 1705 3723 examplariareperts

156 3743 199 3838 Q.
212 3743 333 3808 Cicero
349 3755 566 3828 propraetore
581 3739 690 3804 Asiam
706 3742 812 3820 rexit,
826 3745 903 3826 (luit
958 3743 994 3804 in
1014 3762 1080 3804 uno
1107 3741 1181 3804 lere
1202 3757 1283 3822 agro
1300 3740 1466 3816 Romano,
1498 3753 1586 3804 tanto
1608 3741 1709 3804 anta·

155 3861 265 3911 autem
282 3845 316 3908 in
335 3865 373 3909 ea
388 3843 464 3908 inde
488 3843 528 3907 ab
545 3865 632 3908 anno
651 3845 693 3912 V.
712 3843 748 3906 C.
764 3843 840 3926 ⁶93)
859 3845 903 3908 ci·
961 3843 1075 3928 gnesin
1095 3839 1271 3906 intervallo
1294 3839 1452 3918 distante,
1483 3841 1611 3926 quando
1633 3841 1708 3904 hae·

155 3947 272 4015 ritates
290 3947 388 4010 Asiae
408 3967 470 4030 pro
487 3946 613 4030 magnis
633 3945 737 4010 Marci
758 3945 905 4024 meritis,
959 3959 1055 4009 tenus
1075 3963 1117 4007 ex
1132 3941 1203 4026 ipsa
1219 3941 1339 4026 Lydia,
1360 3944 1452 4025 eujus
1468 3943 1633 4008 civitatum
1650 3962 1707 4004 nu·

157 4047 353 4116 etmaximis
365 4045 480 4142 Quinti
493 4046 662 4111 benefieiis
674 4048 713 4111 sd
727 4061 901 4112 commune
962 4047 1024 4110 mis
1043 4065 1156 4108 musea
1178 4057 1289 4108 nostra
1313 4042 1491 4121 abundant,
1519 4045 1603 4108 alter
1621 4043 1709 4108 simi·

159 4151 330 4236 utriusque
347 4150 522 4232 ternplum,
539 4162 574 4214 et
588 4163 832 4215 monumentum
850 4169 908 4236 pe·
962 4149 1005 4214 lis
1022 4148 1138 4212 allatus
1156 4166 1222 4210 non
1241 4159 1311 4224 est,
1340 4147 1416 4210 satis
1441 4145 1543 4210 oredo
1563 4157 1708 4232 apparet,

159 4253 272 4319 eunias
300 4252 506 4329 decrevisse,
542 4273 640 4336 quem
665 4267 775 4323 tamen
802 4253 906 4318 liono-
964 4273 1082 4316 numos
1098 4249 1161 4313 hos
1176 4268 1250 4313 esse
1268 4269 1349 4332 opus
1366 4248 1524 4313 obscurae
1545 4249 1709 4328 oilioiose,

156 4377 231 4420 rem
260 4375 327 4420 non
362 4353 591 4440 reeipiendum
616 4367 821 4439 putaverunt.
865 4357 901 4417 in
964 4367 999 4418 et
1026 4352 1084 4417 ulii
1105 4365 1274 4437 repertos,
1303 4350 1350 4414 ibi
1372 4355 1408 4416 e't
1435 4362 1539 4417 natos.
1583 4354 1710 4420 Temen

193 4671 224 4734 a)
245 4663 299 4750 lp.
443 4666 479 4737 b)
497 4645 529 4722 iri
543 4667 617 4742 Aug.
633 4684 658 4724 e.
671 4677 714 4728 52.
855 4667 886 4738 o)
905 4663 1023 4723 Reinos.
1040 4663 1128 4740 synt.-
1137 4665 1226 4725 inser.
1245 4663 1280 4722 Τ.
1288 4665 1311 4724 l.
1323 4683 1354 4742 p.
1365 4677 1430 4742 ²9²·
1451 4663 1528 4726 Plut.
1543 4668 1573 4726 in
1588 4669 1714 4732 Flamin·
1849 4677 1854 4688 '

155 4773 186 4830 p·
199 4771 235 4814 m
254 4764 316 4820 378.
1593 4773 1596 4780 '

219 4865 383 4949 (ων.)
805 4857 809 4868 ’
1404 4867 1434 4926 r
1458 4877 1473 4924 ι
