4212 5516
617 549 765 628 nvnn
797 548 1193 631 cousvnnnus.
1625 547 1673 644 π

133 727 190 792 ills
208 725 288 804 iuit,
315 727 389 788 crint
409 718 551 784 menime
571 715 634 782 trit
654 717 787 783 iu·urbe
803 725 880 804 pro·
936 719 1048 785 debuit
1081 742 1123 787 ex
1156 735 1266 788 urente
1305 721 1434 790 Neusei
1462 721 1580 790 nunnus
1614 735 1695 812 epo·

134 839 246 904 recte,
271 825 393 890 uedunr
412 823 455 890 V.
481 821 518 887 G.
541 821 627 900 547,
657 819 746 904 quod
765 821 879 884 testeri
935 821 1018 886 cbee
1033 823 1060 886 1.
1075 822 1250 908 inscriptus
1262 825 1337 903 Lx,
1357 839 1390 888 et
1405 845 1479 888 cunr
1497 845 1616 892 numus
1649 827 1696 892 sl·

134 933 205 1016 ipse
228 946 381 1012 possem,
414 921 551 987 cuzuin
575 939 690 986 museo
716 919 878 986 Ceesereo
935 935 989 986 ter
1006 943 1183 1008 granorum
1199 927 1259 990 sne
1277 925 1372 1007 hujus
1395 927 1436 990 sir
1455 927 1590 1012 duplus,
1608 947 1686 992 cunr

137 1049 253 1098 surum
268 1046 329 1092 sex
345 1037 475 1092 exstent
492 1020 704 1106 exemplaris.
936 1021 1044 1086 eidem
1058 1025 1262 1090 reseretioni
1272 1025 1512 1107 edcommodet,
1532 1027 1681 1114 ejuedeur

193 1127 299 1228 Quod
324 1129 456 1212 sier-po
474 1121 661 1192 verisimilis
683 1121 819 1188 eruditis
834 1123 881 1190 ri·
937 1125 1036 1190 etieus
1061 1125 1209 1208 epochae
1236 1127 1411 1213 praebebit
1444 1148 1531 1193 sese·
1558 1127 1686 1214 petieu'·

126 1233 253 1298 -destur
273 1227 358 1294 brec
376 1247 451 1292 ures
475 1225 680 1310 eliorunnque
699 1225 883 1306 sententie,
936 1241 1016 1294 tem.
1059 1227 1135 1290 Nou
1163 1227 1310 1312 potuisse
1337 1249 1420 1294 rero
1451 1229 1687 1313 eurens²bujus

136 1351 256 1398 eureos
292 1331 365 1394 boe¹
389 1339 507 1424 uuunos
541 1327 710 1391 commutis
740 1327 882 1412 Romeui
937 1328 1053 1410 setstis
1088 1329 1159 1412 ejus
1191 1347 1274 1392 esse·
1296 1329 1485 1414 ponderis,¹
1505 1329 1598 1393 nullo
1628 1351 1691 1410 uu·

135 1455 204 1502 non
225 1451 319 1512 esse,
340 1431 492 1518 quonism
514 1429 582 1516 bis,
608 1448 671 1492 ceu
692 1427 882 1492 lundemen·
939 1452 1035 1518 qnens
1066 1443 1261 1514 ergunuento
1291 1429 1566 1512 comprobaverit.
1609 1433 1685 1495 Nou

133 1553 186 1616 to,
219 1547 325 1600 toturn
346 1533 472 1598 Neueei
497 1543 637 1615 systeme
661 1529 794 1608 nititur,
824 1547 884 1593 ue·
938 1533 1041 1620 igitur
1059 1545 1151 1596 certe
1171 1528 1400 1618 disjungendi,
1430 1551 1512 1619 quos
1528 1529 1688 1618 ponderis

135 1657 229 1704 cesse
251 1647 301 1701 ert
321 1633 439 1714 etism,
467 1649 680 1718 quaecunque
699 1631 751 1696 bis
769 1627 886 1716 su'per·
938 1635 1024 1701 retio
1040 1633 1154 1700 societ.

135 1749 319 1812 struxerat,
358 1733 395 1796 in
434 1751 593 1818 proeceps
635 1731 702 1814 egi.
750 1732 885 1795 Felsnut
1004 1737 1112 1804 Vetus
1129 1733 1285 1820 querele,
1311 1733 1345 1797 iu
1361 1733 1492 1822 figende
1513 1753 1689 1799 unruoruru

137 1839 227 1902 enim
262 1835 339 1908 erit,
362 1837 407 1912 l.,
454 1831 624 1915 inscripto·
664 1841 757 1893 nolet
790 1829 886 1907 ΧΧη
942 1855 1017 1900 cum
1043 1835 1280 1911 consuler-inm,
1313 1847 1382 1898 tum
1412 1833 1609 1901 lumilierum
1637 1855 1691 1900 ee·

136 1937 262 2002 XXXX
292 1951 358 2002 etc.
390 1931 535 1997 indicere
572 1929 710 1996 totidem
743 1951 883 1995 numero
938 1948 1022 2013 tete,
1048 1933 1137 2019 quod
1157 1935 1246 1997 notis
1270 1934 1513 2019 chronologicis
1537 1937 1611 2002 lere
1637 1957 1689 2001 cs·

135 2037 307 2104 sestertios
332 2037 517 2109 Romanos,
545 2033 586 2097 11.
618 2030 737 2096 seleuse
766 2033 881 2110 etiem,
939 2049 1034 2111 rent,
1066 2035 1100 2096 in
1125 2033 1210 2099 vsdo
1235 2053 1298 2098 uos
1323 2035 1519 2122 plerumque
1545 2037 1689 2102 destitui.

134 2137 264 2226 pondus
297 2135 401 2200 libres
439 2133 562 2198 veteris
599 2151 673 2197 esse
705 2153 881 2218 greuorurn
939 2137 1024 2201 Setis
1052 2135 1184 2220 quidem
1211 2135 1246 2196 iu
1279 2155 1318 2200 ee
1346 2135 1533 2201 definiende
1563 2137 1685 2201 enimo-

122 2233 231 2318 'brntp
280 2241 336 2303 111.
357 2255 419 2322 per
439 2235 597 2319 epocbem
619 2233 758 2320 primam
779 2235 880 2300 inisse
938 2258 1014 2301 rum
1051 2235 1114 2299 snit
1150 2235 1328 2304 Veillsutio
1371 2251 1407 2300 et
1444 2239 1690 2321 Herercsmpo,

133 2343 299 2408 reticueur
332 2337 406 2402 euri
433 2336 475 2398 sd
506 2349 694 2420 ungentum,
732 2349 769 2400 ut
801 2336 880 2400 red
938 2337 1000 2402 sed
1021 2337 1150 2402 consilii
1167 2357 1300 2422 perum,
1327 2337 1485 2402 nimirum
1507 2337 1596 2423 quod
1614 2339 1688 2401 unis

139 2451 219 2526 174,
251 2459 347 2526 quern
373 2437 506 2524 quidem
530 2459 672 2524 uuqueru
700 2437 879 2502 obtinuisse
936 2439 1008 2502 uiri
1028 2437 1126 2503 iuere
1153 2437 1353 2522 conjecturis
1382 2439 1578 2526 plerumque
1600 2441 1687 2505 erbi-

135 2543 223 2630 eped
247 2545 414 2606 Romsnoe
440 2539 537 2604 etium
561 2553 649 2616 tour,
683 2554 757 2604 cunr
782 2559 882 2624 ungu·
937 2541 1064 2619 treriis,
1098 2561 1199 2625 seepe
1226 2537 1326 2606 lelsis.
1369 2541 1496 2606 Plscnit
1525 2542 1576 2605 his
1605 2542 1685 2606 llsi·

135 2643 295 2710 stissimee
315 2659 431 2714 eorum
454 2661 510 2704 res
530 2639 680 2716 luerunt,
714 2640 807 2704 nullo
831 2661 882 2706 er·
937 2641 1003 2717 ris,
1037 2641 1107 2708 sir'e
1130 2651 1194 2726 ope
1216 2655 1385 2728 typorum,
1417 2641 1488 2708 sive
1509 2641 1549 2706 sb
1571 2641 1686 2707 inseri·

135 2757 303 2832 gemente.
323 2741 480 2820 evicerit,
517 2755 607 2806 certe
639 2761 706 2806 non
736 2741 814 2804 inde
839 2741 879 2804 sb
936 2741 1224 2830 ptisirmilierunr
1248 2743 1434 2808 nominibus
1459 2743 1687 2808 rtebilire·ee·

134 2867 220 2914 euuo
246 2847 289 2914 V.
309 2845 345 2909 C.
368 2847 450 2922 547,
486 2843 521 2905 in
543 2863 641 2929 quem
666 2843 784 2942 rigueti
809 2841 880 2906 euri
936 2857 1057 2923 tetern,
1090 2857 1124 2909 et
1154 2843 1244 2932 qnod
1272 2845 1454 2930 sequitur,'
1479 2845 1577 2910 etiem
1606 2865 1687 2932 pon·

135 2949 262 3012 initium
288 2943 475 3022 confertur,
504 2965 569 3030 quo
594 2945 660 3028 jrru
684 2957 784 3010 toturn
807 2942 880 3006 lere
938 2945 999 3010 dus
1037 2945 1139 3012 cuivis
1183 2946 1281 3010 eeteti
1324 2945 1482 3010 debiturn.
1542 2947 1684 3009 Ratione

135 3049 260 3114 ltelieru
290 3045 499 3129 Sicilismque
536 3059 688 3112 tenuere.
741 3045 777 3108 Si
813 3063 881 3107 nou
937 3046 1015 3112 bnic
1054 3047 1217 3112 contueris
1252 3045 1503 3131 Bertbeleuryue
1533 3057 1570 3110 et
1602 3047 1688 3110 Neu·

134 3151 221 3216 isllit
259 3149 407 3215 celculus
452 3145 573 3211 eruditi
607 3147 746 3230 anuy,
788 3143 881 3227 cnjus
939 3169 1020 3212 sens
1041 3166 1083 3211 cx
1099 3147 1248 3230 pondere
1265 3167 1439 3210 numos-uun
1456 3159 1596 3212 ectetcru
1613 3165 1687 3210 eru·

134 3269 223 3316 nuuc
261 3251 405 3316 reticues
443 3247 635 3332 expendere
673 3267 740 3309 nou
776 3257 881 3323 reret,
938 3261 1016 3326 unt,
1032 3247 1079 3314 id
1109 3261 1176 3327 est,
1203 3249 1350 3334 ignotum
1371 3249 1487 3334 ignoto
1508 3247 1685 3316 stebr'linnt.

133 3355 197 3420 init
228 3363 297 3416 tuur
323 3350 492 3436 utriusque
517 3345 643 3414 metelli
668 3347 768 3426 retio,
801 3357 837 3410 ut
865 3368 878 3408 s
940 3348 1133 3442 Qninerium
1164 3371 1298 3414 enreum
1319 3351 1433 3416 Celeri
1457 3363 1493 3414 et
1514 3351 1615 3415 Cordi
1647 3351 1690 3415 si·

134 3455 177 3522 ed
198 3455 237 3518 1⁶
252 3457 293 3532 ⁸).
924 3455 1071 3536 'gnetnnr
1099 3451 1141 3518 V.
1163 3451 1200 3516 C.
1239 3449 1298 3535 ⁶72
1340 3451 1560 3532 contendunt,
1596 3451 1686 3540 quod

137 3603 141 3612 .
198 3555 240 3618 11.
256 3545 467 3638 Expendenti
480 3551 631 3630 modurn,
659 3567 724 3638 quo
739 3569 816 3612 usus
830 3561 881 3614 est
937 3551 1067 3636 pondus
1104 3551 1204 3618 hebet
1246 3551 1420 3636 ensloguns
1457 3552 1499 3618 sd
1533 3553 1686 3618 dener-ios

135 3657 290 3720 Nsueens
309 3651 350 3718 ed
371 3650 533 3736 figendum
559 3651 799 3736 descriptorum
823 3672 882 3713 nu·
939 3673 1057 3717 eureos
1077 3709 1081 3718 .
1099 3653 1229 3732 Sullee,
1274 3667 1371 3739 etque
1411 3653 1488 3718 iude
1524 3667 1685 3740 erguunr,

133 3775 267 3823 unoruru
295 3766 454 3830 eetetenr,
492 3753 588 3818 iecilc
622 3752 770 3838 petebit,
798 3751 882 3816 erbi·
939 3767 1113 3840 utrumqne
1136 3755 1237 3818 fuisse
1263 3769 1413 3820 monetee
1437 3777 1457 3818 s
1474 3755 1566 3818 Sulis
1591 3775 1686 3837 pree·

133 3857 269 3926 trecium
286 3855 482 3939 plerumque
502 3873 576 3920 esse
596 3865 630 3918 et
646 3853 807 3918 felleoenr.
828 3855 882 3916 En
937 3855 1078 3932 lecture,
1117 3869 1152 3921 et
1175 3877 1195 3921 e
1222 3855 1360 3920 Greecie
1382 3875 1457 3920 cum
1483 3855 1684 3936 imperatore

133 3959 294 4027 nonnulle
321 3975 421 4041 super
452 3955 516 4020 boc
539 3953 646 4020 dubis.
688 3955 813 4018 Nomos
833 3954 882 4018 bi·
936 3957 1094 4024 reducem
1115 3957 1233 4022 codem
1255 3953 1443 4042 perresiise
1465 3953 1614 4038 pondere
1634 3956 1688 4020 fe·
1829 3981 1832 3988 ·

133 4083 195 4128 uos
222 4075 302 4144 typo
330 4057 398 4123 leni
428 4056 570 4142 gemini,
608 4075 747 4140 quorum
775 4056 881 4122 levior
936 4059 1005 4125 rire
1026 4079 1159 4134 nurnoe,
1185 4078 1251 4144 quo
1272 4057 1368 4121 luere
1390 4056 1480 4118 nurui
1504 4055 1683 4124 Snllsedi·

134 4159 291 4248 sdpendit
330 4179 430 4245 grene
466 4159 527 4236 bt,
564 4155 698 4242 grerior
731 4157 805 4234 ssd,
846 4157 880 4222 in
937 4161 982 4224 cti
999 4159 1149 4230 Luculei.
1188 4159 1262 4221 Non
1286 4155 1500 4223 sdverterunt
1524 4159 1586 4226 riri
1611 4179 1684 4224 eru·

134 4263 296 4352 epccbsnr
333 4261 373 4324 11.
401 4257 541 4326 confert.
591 4259 637 4322 At
667 4271 735 4324 uon
762 4257 879 4337 rideo,
936 4259 1013 4340 diti,
1053 4259 1204 4334 densrios
1232 4257 1346 4322 Geloni
1375 4271 1409 4324 et
1437 4257 1538 4326 Cordi
1567 4281 1686 4345 ergen-
1717 4285 1730 4300 ·

135 4383 194 4430 cur
212 4384 281 4428 unu
305 4381 409 4448 eeqno
432 4361 504 4444 jure
520 4361 554 4422 in
577 4360 737 4446 epocbern
757 4363 781 4424 l
802 4381 880 4426 con·
937 4374 1009 4426 teos
1027 4360 1173 4445 ejusdem
1196 4361 1396 4444 argumenti,
1420 4376 1453 4427 et
1471 4361 1558 4448 quod
1578 4363 1686 4448 sequi·

136 4467 217 4531 ierri
234 4465 369 4550 possint.
398 4461 558 4538 (iceneol,
573 4463 761 4548 adpendere
780 4463 877 4528 etiem
937 4477 1005 4540 tur,
1038 4461 1257 4546 synchronos,
1287 4483 1361 4528 esse
1383 4483 1497 4528 omnes
1527 4479 1684 4541 serratos,

170 4789 206 4860 ι)
220 4786 294 4844 nn.
311 4787 393 4862 rom.
404 4785 537 4846 xuvnt.
551 4787 653 4862 pour.
