4180 5484
720 597 1028 672 conuenta.
1464 659 1466 664 .
1580 618 1645 697 ¹80

358 811 377 849 ,,
566 811 585 850 „
899 765 1141 850 Iugurthinum,
1182 765 1397 846 Cimbricum,
1423 767 1546 834 sociale
1570 769 1647 832 insi-

100 863 243 954 Sisenna
257 865 365 948 gentis
381 863 546 950 patriciae.
901 869 1008 952 gniter
1039 867 1251 952 comprobate
1287 867 1402 934 consul
1432 869 1473 938 V.
1496 869 1533 936 C.
1564 871 1645 950 666,

239 965 406 1030 slsum.
427 969 533 1052 Caput
543 969 843 1060 hliudwitum,
900 991 974 1032 eum
1008 967 1174 1032 decretam
1212 967 1273 1031 eibi
1304 970 1506 1056 provinciam
1537 971 1648 1035 666666

240 1073 277 1132 in
292 1091 372 1131 urea
388 1067 418 1130 X
433 1085 465 1133 et
481 1069 623 1136 ROMA.
900 1069 1091 1156 bellumque
1106 1071 1362 1135 Mithridaticum
1385 1087 1503 1156 agente
1521 1075 1559 1134 P.
1575 1071 1648 1136 Sul·

98 1171 165 1234 CN.
187 1169 379 1235 0061666.
406 1171 447 1236 1..
471 1172 511 1234 F.
535 1173 681 1256 Iuppiter
705 1175 742 1236 in
766 1173 845 1234 citis
902 1173 990 1258 pieio
1022 1167 1154 1236 tribuno
1187 1172 1232 1256 pl.
1261 1171 1295 1233 in
1322 1171 1358 1235 C.
1376 1173 1516 1238 6666666666
1544 1187 1649 1238 66666-

97 1273 275 1354 quadrigis
285 1271 423 1355 fulmen
448 1275 485 1336 irt
510 1273 690 1350 subjectum
716 1271 847 1356 Gignn·
903 1271 1155 1350 166666666666,
1185 1271 1382 1337 6616666666
1408 1275 1524 1340 urbem
1554 1297 1648 1340 exer·

97 1385 163 1434 tem
175 1375 304 1450 vibrat,
323 1395 385 1457 per
399 1393 508 1464 areum
522 1375 635 1456 cupita
655 1373 760 1448 Solis,
779 1373 847 1434 666·
904 1375 971 1439 citu
1001 1376 1140 1436 Marium
1171 1375 1272 1440 vincit
1305 1375 1475 1462 ejicitqne,
1510 1391 1544 1442 et
1573 1399 1646 1463 rep.

98 1495 180 1551 nuc,
199 1477 309 1536 ctduo
328 1487 430 1536 astru.
454 1473 582 1539 61611.
650 1471 654 1480 ’
905 1475 1056 1539 66166666
1081 1475 1227 1539 66666666
1252 1497 1336 1542 6666
1360 1481 1510 1562 proximo
1533 1479 1650 1545 66666-

167 1575 364 1640 SISENNA.
381 1575 614 1641 APRONIVS.
636 1574 675 1638 6.
697 1573 734 1638 Α.
752 1573 843 1637 Η.
902 1599 956 1642 666
983 1567 1207 1640 Mithridatem
1237 1578 1471 1662 proficiscitur,
1508 1601 1649 1666 6666666

100 1679 138 1738 F.
154 1677 190 1738 in
208 1675 340 1740 66666666
368 1676 478 1740 666666
502 1675 562 1740 666
577 1675 846 1760 Augustoeigna·
902 1665 990 1758 66666
1021 1677 1055 1740 66
1086 1677 1224 1742 Graecia
1253 1679 1357 1742 tribus
1383 1681 1516 1764 praeliis
1537 1685 1649 1769 legato

97 1781 151 1842 tis.
177 1779 217 1840 C.
905 1779 1070 1842 Archelao
1108 1777 1149 1842 66
1179 1799 1293 1861 pacem
1332 1783 1512 1866 compellit.
1568 1787 1651 1848 Cum

165 1883 348 1942 Monstrum
365 1877 530 1964 quadrigis
542 1877 724 1962 subjeetum
736 1875 862 1964 incong
905 1881 992 1943 inter
1012 1879 1189 1944 66666666
1211 1902 1228 1943 6
1244 1881 1340 1943 Marii
1360 1881 1501 1950 fautione
1528 1889 1650 1951 misere

104 1981 195 2044 66166
227 1979 269 2043 66
307 1981 496 2066 antiquariis
537 1982 655 2044 Triton
696 1992 848 2056 6666666,
907 1993 1100 2057 vexaretur,
1141 1999 1182 2042 eo
1212 2001 1388 2064 progressa
1420 1983 1649 2069 impotentiae,

101 2103 178 2148 cnm
202 2095 314 2146 certus
344 2083 389 2151 ait
410 2082 510 2167 Gigas
542 2083 670 2145 inierne
693 2081 726 2142 66
754 2080 849 2142 hinet
907 2097 942 2148 ut
974 2083 1097 2148 Sullam
1125 2081 1253 2146 bostem
1281 2083 1364 2167 reip.
1387 2082 1565 2166 judicaret,
1596 2089 1650 2153 hie

101 2185 265 2248 dracones
287 2181 418 2260 abiens,
449 2183 580 2270 66666
613 2182 741 2248 666666
771 2179 850 2243 olim
908 2185 1013 2249 redux
1048 2197 1184 2247 cruento
1216 2183 1256 2246 ad
1292 2183 1362 2267 ipsa
1397 2187 1487 2252 66666
1521 2195 1651 2254 moenia

103 2285 266 2374 disputati
288 2285 321 2347 in
345 2287 427 2349 66666
453 2287 568 2349 Ν66666
592 2283 758 2350 6666661666
778 2303 850 2368 pag.
909 2287 1036 2371 praelio
1061 2285 1167 2348 victor
1191 2285 1223 2346 66
1247 2283 1399 2350 66666666
1428 2304 1539 2372 parton
1564 2291 1656 2354 inani

105 2389 182 2454 636.
234 2389 287 2452 De
320 2390 398 2452 1666
440 2387 569 2452 Tritani
607 2387 740 2450 inimico
769 2385 851 2448 66666
909 2389 976 2452 6666
999 2385 1191 2451 crudelitato
1213 2387 1315 2450 666666
1339 2391 1654 2477 propositapublice

103 2505 274 2568 66666666,
308 2503 341 2554 66
369 2490 517 2574 luppiter
542 2489 655 2552 clerus
684 2487 851 2570 Giganteo
908 2489 1159 2574 proscriptionis
1184 2487 1310 2566 tabula,
1338 2505 1532 2576 creatusque
1556 2493 1657 2558 dicta-

106 2593 277 2675 triumpho
304 2593 357 2656 666
383 2613 449 2656 666
475 2591 602 2654 dietus?
633 2589 780 2652 Similem
802 2591 853 2652 lo·
908 2607 963 2656 tor
980 2603 1159 2676 perpetuus
1184 2589 1225 2654 V.
1244 2591 1281 2656 C.
1301 2589 1363 2672 676
1385 2591 1478 2676 leges
1495 2595 1572 2658 alins
1588 2595 1656 2660 lert

107 2695 157 2758 666
178 2713 220 2757 ex
241 2693 407 2780 quadrigis
432 2710 573 2778 pugnam
594 2690 694 2756 offert
716 2691 852 2776 insignis
909 2713 1030 2768 66666,
1058 2691 1136 2754 61666
1165 2691 1329 2778 antiquat,
1364 2693 1568 2758 tribunorum
1598 2719 1656 2782 po·

107 2817 237 2880 gemma
264 2817 346 2881 opus
368 2795 579 2869 Athenionis,
615 2816 709 2878 quam
744 2795 855 2877 vulga·
911 2809 1059 2859 testatem
1079 2793 1219 2872 6666666,
1251 2807 1285 2859 66
1306 2792 1348 2856 66
1364 2795 1553 2862 Mithridate
1581 2799 1659 2862 insi·

106 2901 155 2962 666
180 2899 451 2962 Winltelmnunus
472 2899 514 2979 ⁸).
546 2895 663 2962 Ventis
685 2895 785 2978 igitur
807 2893 856 2956 16-
913 2918 1009 2980 gnem
1039 2895 1237 2980 triumphum
1266 2895 1343 2979 agit.
1385 2895 1585 2976 Constituto,
1621 2913 1659 2962 nt

108 3001 230 3066 6666166
249 3001 374 3064 dedere
394 2999 599 3080 coniecturae
616 2997 753 3073 eruditi,
776 3016 855 3081 6666
911 2997 1033 3072 visum,
1074 3017 1144 3079 rep.
1167 3010 1242 3079 post
1268 2995 1436 3058 biennium
1465 3014 1581 3080 sponte
1612 3000 1660 3060 di·

109 3105 151 3168 66
176 3103 405 3186 explicandum
435 3100 522 3163 66666
555 3114 667 3181 typum
702 3120 763 3182 per·
789 3095 856 3158 6666
912 3113 1068 3162 ctaturam
1110 3095 1255 3170 66616666,
1294 3094 1463 3180 factusque
1502 3100 1659 3182 privatus,

110 3209 176 3270 666
200 3205 364 3288 adegere,
400 3203 455 3288 qui
485 3213 635 3265 ceterum
659 3197 856 3284 symbolicas
913 3201 1040 3284 reliqua
1070 3195 1132 3258 rita
1160 3195 1195 3256 66
1225 3195 1311 3272 6666,
1339 3217 1379 3260 66
1407 3189 1495 3282 qdod
1525 3201 1660 3278 mirere,

109 3320 200 3371 totus
227 3305 375 3384 6666666,
403 3317 568 3368 etnoture
588 3301 782 3368 seditionem
801 3297 857 3362 sli-
914 3302 1048 3384 impune
1088 3309 1217 3372 666666,
1259 3295 1399 3360 infausto
1431 3301 1575 3378 morbo,⁸
1605 3325 1663 3389 pe-

110 3429 209 3494 quam
227 3407 352 3472 Romae
374 3407 518 3471 feliciter
538 3407 692 3492 sopitam,
718 3398 857 3488 perinde
916 3401 1033 3466 6666166
1056 3414 1125 3462 toto
1147 3419 1287 3482 corpore
1316 3401 1419 3463 666666
1440 3403 1660 3486 exstinguitur
1795 3403 1804 3414 ‘

105 3529 149 3574 66
186 3507 336 3594 Iuppiter
367 3507 524 3596 Gigantea
559 3509 706 3574 rebelles
741 3503 859 3590 perdo-
916 3503 1014 3571 V.·C.
1033 3503 1112 3580 676,
1141 3501 1340 3584 amplissimo
1364 3499 1481 3566 666666
1504 3510 1662 3568 senatori-

110 3612 202 3675 mnit.
915 3605 977 3668 bus
1009 3607 1129 3669 lectum
1159 3601 1371 3666 subeuntibus
1407 3601 1596 3688 deportatus
1627 3608 1660 3666 in

914 3727 1065 3789 eampum
1102 3705 1273 3782 1166666666,
1319 3702 1531 3788 omniumque
1576 3707 1663 3770 ordi·

114 3815 337 3900 &allegantis
353 3814 520 3900 patriciae,
917 3827 994 3870 num
1019 3805 1152 3888 stipatus
1174 3806 1357 3890 praesentia
1376 3825 1460 3890 rogo
1481 3807 1661 3891 impositus.

264 3919 371 4001 Caput
388 3919 538 3982 Palladis
555 3919 701 3990 alatum,
720 3907 859 3996 poncii.
918 3909 981 3976 Vir
1003 3922 1037 3970 ut
1068 3907 1100 3968 in
1125 3907 1270 3972 6666666666
1299 3907 1383 3992 reip.
1404 3907 1583 3990 putandus,
1614 3911 1661 3974 sic

115 4023 155 4086 P,
176 4019 302 4088 SVLA.
331 4021 483 4082 Victoria
499 4017 751 4099 transfigis,
771 4009 862 4094 insin
918 4021 1056 4095 propter
1087 4010 1335 4110 crudelitatem,
1373 4031 1467 4094 quam
1500 4011 1662 4076 vindictae

115 4123 259 4188 610666.
292 4121 363 4184 stt.
382 4121 423 4186 R.
918 4111 1025 4175 studio
1052 4125 1127 4193 post
1147 4110 1318 4176 victoriam
1341 4111 1505 4186 66666666,
1541 4133 1665 4176 666666-

179 4225 218 4292 Ρ.
232 4223 347 4294 SVLA
360 4221 393 4284 in
410 4219 545 4288 6666666.
566 4221 608 4286 R.
917 4213 987 4276 riae
1010 4211 1237 4289 detestandae,
1272 4213 1395 4297 quique
1417 4213 1541 4298 primus
1565 4235 1665 4299 expe·

920 4315 1096 4377 rimentum
1119 4313 1226 4391 dedit,
1256 4333 1353 4398 posse
1375 4316 1427 4378 666
1448 4335 1603 4378 summam
1624 4317 1665 4381 ad

207 4421 303 4492 Sulla
319 4427 482 4502 66666666,
506 4439 539 4490 66
557 4425 700 4491 Faustus
708 4419 817 4508 filius.
920 4416 1014 4479 unius
1035 4417 1250 4500 principatum
1274 4415 1418 4484 devolti.
1461 4415 1665 4485 116666666τί-

920 4517 985 4601 psit
997 4518 1202 4584 Plutarchus.

180 4637 222 4698 L.
239 4631 410 4696 Corneliae
434 4629 525 4692 Sulla
546 4627 666 4692 6666666
689 4645 750 4710 per
774 4621 863 4686 bella
985 4621 1123 4684 Faustus
1144 4621 1231 4686 161666
1252 4619 1390 4685 inbelle
1408 4619 1498 4690 civili
1512 4621 1663 4706 Pompoji

158 4849 189 4916 a')
213 4843 417 4918 6166666666.
433 4859 459 4895 tr.
471 4853 513 4900 to.
