4254 5494
419 589 512 672 ιιιΙ

416 757 590 822 Ambracia
614 775 693 839 opes
711 755 752 822 V.
774 753 810 816 C.
829 753 909 828 5b8,
936 771 1001 838 quo
1026 749 1163 815 Fulvius

418 861 459 923 de
478 859 605 924 Aetolis
625 855 846 941 triumphavit.
874 857 965 918 Facti
984 854 1079 936 hujus
1096 873 1163 916 mo·

416 963 510 1024 minis
533 980 664 1046 quoque
685 960 819 1024 Servius
836 964 878 1040 t).
925 961 1025 1020 Teste
1047 957 1165 1018 Sueto·

415 1065 472 1128 nio
488 1061 546 1146 ¹³)
536 1077 623 1127 inter
639 1063 806 1147 praeclara
823 1080 940 1144 opera,
967 1079 1048 1142 quae
1065 1080 1083 1120 a
1097 1079 1163 1142 prr

372 1151 376 1160 ¹
418 1167 501 1233 vatis
526 1167 678 1230 hortante
705 1166 854 1246 Augusto
868 1161 1046 1224 aedilioate
1071 1173 1192 1236 sunt,

927 623 929 628 -
1034 577 1356 653 POMPONIA.

1289 749 1354 812 Sed
1367 763 1536 810 cantorem
1558 769 1632 810 cum
1651 747 1863 834 (Herculem)
1871 752 1977 833 fecit,

1425 861 1460 911 et
1479 851 1595 912 ombus
1609 871 1728 914 munus
1738 855 1910 934 formarit

1284 952 1325 1014 Iu
1361 953 1472 1015 bucco
1513 953 1647 1014 citltcra
1685 953 1971 1020 Philammonidcs

1427 1055 1551 1116 Eumol
1546 1075 1621 1138 pus.

418 1269 479 1332 luit
509 1270 606 1331 etiam
640 1267 739 1331 aedes
768 1265 923 1328 Herculis
950 1266 1118 1326 Musarum
1145 1283 1165 1326 a
1221 1259 1387 1332 Habemus
1406 1278 1488 1343 ergo
1506 1255 1652 1321 invidum
1670 1257 1853 1338 Herculem
1872 1258 1975 1323 bisin

416 1371 544 1434 Marcio
567 1371 722 1450 Philippo
740 1365 880 1450 Augusti
899 1365 1013 1427 vitrico
1038 1376 1165 1427 exstru·
1220 1361 1425 1444 Apollinis
1415 1383 1486 1442 pura
1513 1360 1732 1437 insolentem,
1763 1360 1861 1439 olim,
1894 1384 1971 1426 cum

418 1485 485 1546 ctu,
513 1471 666 1554 idemque
691 1467 1079 1548 continuerimus),
1108 1466 1164 1550 qui

416 1585 450 1634 et
465 1573 542 1635 alibi
557 1573 674 1648 docet,
690 1569 831 1634 liuticios
849 1571 977 1646 crines,
997 1589 1078 1653 quos
1095 1589 1164 1630 mu·

415 1675 573 1738 lierculae
602 1673 636 1734 in
662 1673 844 1737 nativorum
869 1672 1091 1736 deficientium
1115 1670 1164 1734 lo·

418 1795 492 1842 cum
504 1775 691 1852 suffecere,
712 1777 837 1840 Romae
856 1775 956 1839 fuisse
975 1773 1107 1843 uenales

1220 1464 1419 1546 Delphicum
1438 1462 1489 1524 illi
1513 1461 1677 1545 tripodem
1695 1483 1756 1546 per
1775 1464 1841 1528 vim
1862 1466 1971 1544 abstu-

1221 1566 1278 1642 lit,
1307 1580 1341 1628 ot
1359 1565 1457 1628 modo
1483 1566 1625 1652 primum
1649 1565 1870 1630 interlineas
1897 1567 1972 1631 sub·

1222 1668 1373 1746 sellium,
1396 1689 1470 1732 cum
1490 1690 1533 1732 ex
1552 1682 1666 1733 vetere
1682 1667 1759 1752 lege
1778 1669 1900 1752 Apollo
1921 1693 1973 1734 cs-

1221 1767 1503 1858 setMscurpsrug,
1525 1771 1623 1834 etsie
1640 1771 1737 1835 etiam
1754 1773 1971 1858 compellare-

1221 1885 1310 1936 tura
1331 1871 1492 1936 Strabone
1509 1871 1554 1954 ιι).

482 1984 638 2050 Herculis
651 1993 730 2045 autc
754 1981 884 2054 oculos,
915 1983 1164 2063 virgineumque
1284 1974 1421 2038 Denarii
1444 1977 1550 2040 altero
1565 1979 1649 2054 ‘loeo
1673 1977 1829 2062 descripti
1843 1975 1971 2042 ’novem

880 2083 1016 2145 ultorum
1029 2081 1077 2166 d).

416 2290 462 2350 m
479 2307 552 2350 cum
576 2301 704 2352 constet
726 2307 768 2350 ex
783 2284 962 2362 numenio,
990 2285 1088 2348 aedes
1106 2285 1162 2350 bas

417 2389 482 2472 jam
513 2389 592 2452 olim
622 2389 768 2452 conditas
798 2411 815 2451 a
843 2388 994 2486 Fulvio&
1011 2403 1162 2471 apparet,

415 2513 473 2556 eas
499 2491 689 2576 al'hilippo
717 2491 823 2554 solum
844 2491 1002 2566 refectae,
1034 2503 1089 2553 aut
1115 2491 1162 2555 sic

1220 2079 1387 2138 Musarum
1402 2097 1520 2160 agmen
1536 2080 1674 2142 seorsim
1692 2079 1859 2158 exhibent,
1878 2103 1969 2166 quas,

1221 2193 1257 2242 ut
1287 2179 1369 2255 dixi,
1402 2201 1459 2241 sua
1493 2180 1636 2265 singulas
1675 2182 1827 2245 attributa
1858 2183 1969 2246 distin·

1221 2269 1341 2367 gaunt,
1376 2297 1410 2346 et
1432 2281 1565 2345 dubium
1597 2307 1662 2348 non
1694 2299 1760 2362 est,
1800 2285 1872 2368 ipso
1903 2285 1969 2348 hoc

1221 2387 1311 2448 oultu
1332 2385 1433 2447 luisse
1459 2407 1578 2451 novem
1601 2389 1656 2450 illa
1676 2390 1843 2450 Musarum
1864 2388 1966 2475 signa,

1219 2508 1302 2570 quae
1338 2511 1355 2549 a
1383 2488 1504 2554 Fulvio
1534 2489 1707 2552 Ambracia
1741 2489 1896 2553 translatu
1925 2509 1966 2551 ex

420 2595 514 2657 novis
543 2593 783 2658 accessionibus
818 2607 946 2670 auctas,
981 2607 1021 2654 ut
1050 2613 1162 2656 earum
1218 2589 1382 2652 Eumenio
1410 2593 1623 2656 narravimus.
1666 2590 1813 2657 Difficile
1843 2605 1964 2669 tamen,

418 2697 511 2759 velut
534 2695 686 2758 conditor
705 2695 771 2757 dici
790 2695 961 2758 meruerit.
984 2693 1077 2788 Quae
1100 2695 1162 2758 alia
1217 2711 1276 2752 sua
1302 2689 1439 2774 singulis
1462 2713 1504 2755 ex
1529 2694 1635 2770 cultu,
1670 2717 1768 2779 quem
1798 2695 1831 2757 in
1857 2697 1965 2758 numis

358 2801 361 2812 '
417 2795 458 2858 de
475 2797 621 2859 Hercule
635 2799 804 2879 Musageta
822 2795 887 2859 dici
902 2809 1055 2880 possunt,
1084 2809 1161 2879 pete

414 2918 460 2959 ex
483 2898 649 2980 praeclara
676 2897 904 2962 dissertatione
930 2897 1054 2962 abbatis
1076 2901 1160 2962 Fou-

1218 2793 1427 2874 praeleruut‚
1467 2797 1599 2860 nomina
1640 2798 1825 2882 imponere.
1879 2801 1966 2860 Ten·

1218 2908 1327 2958 terunt
1352 2895 1439 2959 istud
1466 2899 1623 2976 Vrsinus,
1654 2899 1866 2978 Vaillantius,
1901 2902 1966 2963 Ha·

416 3014 497 3065 tenu
518 3003 559 3084 e).
596 3001 798 3086 Proponitur
821 3001 855 3063 in
878 3001 942 3065 hoc
969 3023 1068 3066 numo
1092 3002 1162 3086 lyra
1219 3016 1427 3082 vercampus,
1469 3021 1534 3085 quo
1574 3021 1747 3080 successu,
1785 3003 1965 3069 arbitretur

415 3124 556 3181 canens,
589 3119 687 3190 atque
717 3123 759 3168 eo
790 3103 879 3168 cultu
900 3104 1032 3170 videtur
1059 3103 1160 3170 luisse

418 3208 618 3289 archetypos
633 3211 666 3269 in
692 3207 861 3272 denarium
876 3208 1077 3271 translatum.
1114 3211 1160 3270 lta

416 3321 451 3370 et
467 3307 606 3372 Ovidius
622 3307 663 3371 de
677 3309 906 3373 bocherculc
926 3313 1094 3392 Musageta
1114 3311 1161 3374 lo·

421 3431 524 3492 quens
546 3409 590 3471 eit
612 3408 658 3490 s):

482 3616 619 3677 Adnuit
637 3615 783 3691 Alcides,
803 3615 1029 3693 increpuitque
1042 3616 1161 3697 lyram

417 3820 596 3883 Herculem
608 3815 836 3884 citharoedum
849 3816 931 3882 dixit
945 3816 1041 3882 etium
1054 3817 1161 3882 Theo·

419 3921 523 3984 oritus
540 3925 591 4004 s)=
667 3929 669 3936 ’

1219 3099 1334 3164 lector.
1378 3101 1532 3166 Pluribus
1562 3101 1693 3166 additur
1722 3105 1809 3187 lyra,
1841 3105 1895 3168 vel
1925 3105 1964 3165 ti·

1218 3202 1287 3277 bia,
1330 3201 1481 3286 ambiguo
1520 3203 1602 3267 adeo
1634 3205 1779 3270 criterio.
1836 3205 1964 3270 Eadem

1220 3305 1394 3368 difficultas
1411 3305 1446 3367 in
1462 3305 1721 3371 discriminandis
1736 3309 1858 3386 Musis,
1881 3329 1964 3394 quae

1220 3419 1294 3468 sunt
1322 3407 1494 3490 exculptae
1526 3410 1559 3470 in
1591 3409 1718 3474 celebri
1749 3411 1964 3496 sarcopbago,

1220 3529 1317 3592 quem
1371 3510 1515 3594 vulgavit
1566 3511 1707 3596 Sponius
1749 3511 1783 3594 i).
1841 3513 1967 3577 Confer

1220 3611 1316 3673 etiam
1345 3612 1488 3695 picturas
1521 3616 1787 3680 Herculaneuses
1817 3615 1877 3678 sub
1906 3617 1967 3679 ini·

1219 3714 1298 3776 tium
1315 3714 1395 3777 tomi
1410 3717 1469 3792 ·11.‚
1496 3716 1530 3776 in
1555 3717 1674 3800 quibus
1697 3717 1812 3782 videre
1832 3731 1967 3782 estnon

1219 3817 1326 3880 solum
1341 3841 1398 3882 sus
1414 3819 1550 3904 singulis
1565 3819 1668 3884 Musis
1682 3819 1844 3903 adscripta
1861 3821 1967 3886 nomi·

1218 3939 1276 3995 na,
1300 3917 1359 3982 sed
1373 3933 1406 3982 et
1421 3919 1547 4004 adpicta
1568 3922 1729 3986 attributa.
1762 3921 1849 3992 Vide
1866 3924 1964 3987 etism

1218 4033 1335 4083 statuas
1372 4023 1476 4086 musei
1503 4023 1795 4088 Pio-Clementini
1833 4039 1924 4088 tomo
1939 4029 1963 4089 1.

482 4127 591 4204 Aurae
620 4121 717 4187 durior
739 4122 830 4200 tsine
857 4149 905 4185 nur
934 4121 1024 4208 cippo
1053 4145 1161 4208 χωρας
1219 4136 1253 4186 et
1276 4121 1398 4185 ibidem
1420 4137 1510 4188 tomo
1530 4129 1586 4194 lV.
1616 4125 1842 4193 tabulaleV.
1867 4127 1964 4202 XV„

879 4226 995 4306 ἕπλαξε

1148 4227 1152 4236 “
1220 4237 1252 4288 et
1268 4246 1414 4290 museum
1430 4227 1647 4312 Capitolinum
1663 4242 1753 4292 tomo
1768 4230 1824 4296 tv.
1846 4251 1878 4312 p.
1896 4241 1962 4304 rur.

481 4323 646 4410 Πνξιιᾳ-ἕι
664 4341 819 4420 poepuppe
839 4321 1086 4415 (ltaluupconlcu
1104 4327 1162 4390 Eu-
1219 4331 1255 4389 ln
1273 4351 1308 4392 rc
1329 4331 1548 4394 nomismatica
1572 4331 1700 4396 unicam
1720 4331 1877 4395 hebemus
1894 4333 1966 4394 ldu·

878 4437 1004 4516 μολπρς.

457 4663 488 4729 ι)
509 4657 558 4716 ld
571 4661 712 4724 Auula.
785 4663 822 4732 b)
843 4663 1059 4736 taunucus.
1135 4663 1166 4732 c)
1187 4661 1478 4733 Fast.L.Vl.v.797.

416 4752 447 4822 e)
467 4749 499 4805 B.
515 4749 547 4806 L.
563 4747 773 4806 rtem.r.v11.
790 4767 819 4823 p.
833 4761 876 4811 ⁵1.

418 4841 442 4914 i)
463 4839 543 4898 ldisc.
559 4857 589 4917 p·
601 4847 645 4904 tt.

971 4750 996 4824 l)
1017 4751 1045 4808 in
1064 4753 1140 4808 Fust.
1157 4750 1176 4806 l.
1193 4771 1217 4808 c.
1306 4753 1339 4828 g)
1359 4749 1402 4808 ld.
1418 4759 1462 4810 st.
1478 4763 1575 4812 ΜΠ.
1603 4763 1608 4776 “

1219 4453 1287 4494 sam
1323 4452 1443 4496 riomen
1473 4454 1566 4495 suum
1605 4431 1802 4514 professum,
1842 4454 1962 4518 nempe

1563 4659 1598 4732 d)
1618 4663 1682 4718 Art.
1697 4675 1784 4720 amat.
1798 4663 1890 4724 t..1tt.
1903 4669 1963 4729 roo.

1663 4752 1698 4824 b)
1718 4751 1793 4810 ux.
1808 4772 1838 4830 p.
1849 4774 1886 4810 m.
1899 4767 1963 4816 ott.
