4254 5494
850 547 1033 622 rsrls.

673 865 683 880 ’
819 875 1073 940 ΡΑΡῙΑ.

231 1069 320 1136 Gens
337 1069 480 1155 plebeia.
503 1069 696 1156 cognomen
718 1070 842 1135 Celsus.

310 1169 548 1242 rntvtsrvrt
568 1177 674 1255 Caput
683 1173 828 1258 juvenile
842 1173 914 1234 lou·

311 1287 441 1356 rentum
450 1277 657 1354 prominente
667 1292 754 1354 porse
766 1283 914 1353 tropaeo.

310 1375 347 1435 in
374 1373 465 1437 sliisr
508 1377 614 1458 Caput
641 1373 781 1436 Iunonis
809 1371 914 1456 Sirpi·

314 1487 378 1536 iae.

169 1577 207 1640 L.
219 1573 389 1643 PAPIVS.
403 1573 583 1641 CELSVS.
598 1573 732 1642 lllvltt.
755 1573 916 1660 Lupuso·

168 1681 283 1739 mitem
301 1695 355 1738 ere
371 1679 558 1759 stringeris,
573 1687 607 1737 et
626 1675 744 1754 aquilo
758 1677 917 1754 expansis

170 1779 236 1840 ulis
270 1789 398 1840 stantes
430 1787 508 1838 unte
544 1777 715 1838 ardentem
749 1773 916 1858 lignorum

172 1889 303 1940 struem.
324 1877 395 1944 Art.
412 1877 453 1942 Il.
675 1861 677 1866 ¹

313 1979 421 2060 Caput
456 1977 597 2039 Iunonis
631 1975 798 2057 Sirpituc,
831 1995 917 2058 porte

309 2081 405 2142 truria
425 2080 557 2141 minuto
576 2076 706 2159 sigilio.

170 2181 209 2244 L.
225 2179 336 2244 PAPI.
364 2175 520 2260 Gryphus
538 2197 688 2252 currens,
708 2177 801 2259 infru
820 2196 915 2256 quem

169 2283 266 2342 uario
289 2283 420 2376 minum
441 2279 567 2360 sigillo.
598 2277 681 2338 sins
705 2278 824 2342 serrati
847 2297 917 2342 om-

170 2401 245 2456 nes,
268 2393 303 2442 ct
320 2379 357 2446 C.

315 2481 423 2561 Caput
444 2479 626 2541 Victoriae.

169 2581 207 2647 L.
222 2580 391 2649 PAPIVS.
410 2577 587 2646 CELSVS·
612 2581 717 2661 Virgo
735 2579 914 2644 Lanuvino

168 2685 312 2770 serpenti
323 2683 483 2764 pabulum
498 2681 669 2764 praebens.
694 2677 792 2770 Quin.
808 2681 878 2744 ΗΒ.

294 2781 489 2850 -CELSVS.
514 2783 620 2862 Caput
641 2781 815 2844 Mercurii.
901 2775 905 2782 '

171 2889 209 2952 L.
225 2887 336 2950 ΡΔΡΙ.
358 2887 462 2968 Lyru.
484 2881 583 2977 Quin.
599 2883 671 2946 llll.

230 2987 328 3050 Numi
351 2985 386 3048 lsi
410 3002 524 3047 omnes
547 2981 706 3064 elegantis
725 2997 799 3044 sunt
818 2982 915 3046 labri-

170 3109 243 3164 cao,
281 3101 315 3152 et
338 3085 409 3170 typi
427 3083 548 3148 eruditi
575 3081 672 3145 simul
696 3097 730 3145 et
748 3103 814 3144 non
833 3083 916 3165 iuju-

170 3190 277 3255 cundi.
321 3191 560 3273 Argumentum
592 3183 644 3246 his
676 3183 816 3247 maxime
850 3184 916 3248 ire·

170 3313 273 3378 quens
297 3290 482 3375 suppeditat
504 3285 701 3363 Lanuvium,
727 3285 815 3350 uude
838 3305 916 3371 gen·

167 3411 236 3459 tem
265 3395 398 3477 Papium
428 3391 529 3454 luisse
561 3402 665 3451 ortem
696 3409 764 3450 non
793 3387 833 3451 ab
863 3387 914 3451 his

971 1071 1073 1134 luisse
1110 1070 1174 1132 iter
1211 1070 1434 1134 necessarium
1463 1071 1645 1141 Lanuvium
1681 1075 1722 1140 sd

969 1169 1180 1256 prodendum
1202 1169 1399 1238 Flaminem.
1511 1195 1519 1214 ·

1033 1271 1196 1334 Denarius
1220 1271 1245 1334 I.
1271 1286 1367 1354 ceput
1392 1275 1563 1362 Triumphi
1588 1277 1724 1342 exhibes

970 1369 1136 1454 adscripto
1167 1371 1265 1434 etism
1296 1371 1449 1458 ἀςχαῑκως
1477 1379 1723 1454 TRIVMPVS,
1783 1445 1786 1452 ,

972 1493 1065 1536 more
1104 1469 1190 1554 apud
1229 1473 1393 1534 Romanus
1434 1489 1623 1555 constante,
1667 1480 1724 1562 qui

973 1573 1084 1636 omnia·
1104 1572 1219 1634 beatae
1244 1571 1487 1659 Mnorataeque
1512 1578 1598 1642 sitae
1621 1577 1723 1641 subsi-

973 1673 1026 1736 dia
1053 1671 1248 1754 imaginibus
1271 1691 1476 1756 expressere.
1518 1680 1718 1744 'l'IlIVMPld

974 1773 1145 1858 quinquies
1168 1775 1343 1856 repetitum
1370 1775 1492 1858 legitur
1515 1779 1549 1837 in
1571 1779 1723 1864 antiquis·

975 1875 1057 1936 simo
1097 1873 1223 1937 cantico
1263 1873 1401 1936 fratrum
1431 1877 1599 1942 Arvalium
1633 1901 1720 1944 anuo

977 1975 1057 2056 1778
1087 1975 1211 2039 Romae
1238 1972 1372 2039 effosso.
1414 1976 1587 2061 Triumphi
1614 1979 1719 2044 instar

973 2071 1029 2140 tei
1050 2076 1130 2138 culti
1151 2075 1259 2139 nullus
1279 2089 1429 2142 veterum
1448 2079 1606 2144 meminit.
1637 2083 1720 2145 Pars

972 2197 1088 2240 aversa
1137 2197 1258 2242 novum
1310 2192 1538 2261 argumentum
1591 2181 1718 2266 objIcit.

972 2279 1147 2343 Praeclare
1174 2277 1257 2340 illud
1282 2279 1426 2361 explicat
1451 2281 1628 2364 Dionysius
1653 2285 1720 2347 Ha·

970 2378 1025 2442 lic.
1051 2375 1095 2458 b).
1146 2380 1335 2456 Lavinium,
1375 2380 1499 2466 inquit,
1532 2403 1606 2446 cum
1629 2403 1722 2454 coo·

972 2479 1125 2556 deretur,
1155 2481 1260 2544 oblata
1284 2481 1435 2563 Trojanis
1460 2485 1618 2566 quaedam
1642 2507 1718 2569 pro·

971 2579 1071 2664 eligia.
1113 2583 1149 2643 lu
1180 2602 1318 2660 nemore
1347 2601 1486 2647 accenso
1515 2607 1572 2647 sua
1601 2587 1718 2669 sponte

971 2682 1049 2766 igne
1069 2683 1179 2766 lupum
1202 2703 1260 2746 ore
1281 2681 1464 2766 adgessissa
1490 2684 1638 2749 fomitem
1662 2687 1724 2750 sri-

972 2782 1066 2862 dum,
1094 2784 1140 2844 ibi
1166 2785 1308 2868 aquilam
1332 2781 1517 2865 advolasse,
1541 2801 1574 2850 et
1595 2785 1722 2851 aluum

972 2900 1062 2947 motu
1089 2885 1249 2948 Ilammam
1276 2885 1453 2962 excitasse,
1485 2888 1618 2970 vulpem
1645 2909 1723 2954 cou-

972 2997 1021 3048 tra
1038 2984 1139 3048 cauda
1155 2987 1188 3045 in
1205 2985 1330 3048 llumen
1348 3003 1455 3046 mersa
1477 3005 1652 3052 accensum
1674 2991 1724 3072 ig·

971 3105 1047 3149 nem
1065 3087 1260 3168 aspersisse,
1278 3100 1312 3149 et
1327 3083 1425 3148 modo
1444 3089 1721 3168 praevalentibus,

972 3185 1028 3270 qui
1063 3185 1297 3266 accenderant,
1337 3185 1437 3251 modo
1474 3189 1592 3271 vulpe,
1641 3211 1724 3276 quae

971 3288 1132 3349 Ilsmmam
1168 3288 1351 3371 sopiverat,
1389 3287 1473 3351 hano
1503 3289 1647 3378 denique
1680 3294 1727 3358 si·

971 3401 1055 3454 etam
1077 3389 1279 3454 discessisse.
1317 3389 1419 3453 Addit
1441 3389 1637 3470 historicus,
1666 3413 1721 3458 se·
1754 3461 1760 3476 ,

168 3495 269 3560 modo
294 3495 399 3557 numis
430 3491 682 3577 comprobatur,
716 3489 775 3554 sed
803 3499 915 3553 et'au·
969 3511 1042 3556 reas
1066 3491 1184 3554 horum
1205 3491 1391 3556 snImalium
1417 3490 1546 3575 effigies
1569 3495 1603 3555 in
1627 3495 1723 3560 Lasi-

169 3597 319 3662 ctoritate
340 3593 491 3671 Asconii,
518 3593 573 3679 qui
597 3591 638 3655 ad
660 3591 829 3655 Ciceronis
852 3613 913 3676 pro

169 3701 295 3764 Milone
313 3699 496 3762 orationem
513 3707 638 3770 narrat,
654 3693 831 3772 Milosiem,
858 3695 914 3780 qui

171 3816 264 3866 antea
298 3801 334 3864 C.
355 3799 475 3883 Papius
506 3797 610 3860 dictus
641 3808 708 3872 est,
744 3795 786 3858 ab
808 3795 915 3860 Annio

169 3904 372 3989 adoptatum,
398 3901 584 3984 dIctumqne
604 3901 642 3962 Τ.
661 3897 804 3960 Annium
821 3898 916 3961 Milo·

171 4027 247 4070 nem
263 4005 453 4090 Papianum.
473 4003 567 4085 Ergo
587 4013 620 4064 et
639 3999 738 4062 Silius
761 4001 806 4080 ⁸)=

230 4143 384 4208 Lunuuio
399 4139 576 4226 geiserate,
598 4139 725 4218 inquit,
742 4157 837 4216 quem
858 4135 917 4202 So·

640 4241 728 4321 spito
747 4239 831 4300 Iuno

232 4347 307 4410 Dat
326 4345 438 4422 nodis,
461 4344 562 4407 Milo.

168 4515 211 4578 Et
237 4515 270 4576 iu
295 4511 473 4574 Miloniana
498 4521 607 4573 narrat
630 4505 766 4582 Cicero,
799 4507 915 4568 Miloni

206 4783 238 4854 a)
257 4781 289 4838 1..
299 4779 378 4838 XIII.
397 4797 422 4836 v.
434 4781 495 4842 564·
570 4774 605 4847 b)
623 4775 655 4834 L
669 4777 690 4836 I.
708 4797 738 4852 p.
750 4787 794 4840 li.

970 3593 1131 3656 niensIum
1153 3594 1243 3672 soro,
1271 3597 1301 3657 is
1322 3617 1362 3678 up
1382 3590 1576 3656 Aussrrurus
1595 3595 1718 3680 iqoeu,

971 3695 1005 3756 iss
1035 3695 1121 3758 huuc
1150 3715 1253 3780 usqua
1281 3695 1369 3758 diam
1401 3695 1596 3758 adservatae.
1641 3697 1723 3758 Cum

972 3795 1045 3859 Iera
1076 3795 1111 3858 in
1139 3797 1288 3860 omnibus
1316 3798 1356 3860 L.
1380 3795 1472 3878 Papii
1502 3795 1608 3856 uumis
1641 3799 1722 3860 luno

971 3897 1138 3962 Lanuvina
1159 3911 1326 3975 recurrat,
1349 3910 1399 3972 et,
1422 3896 1634 3973 occidimus,
1658 3901 1718 3961 Pa-

973 4001 1026 4084 pia
1057 4020 1138 4084 gens
1165 3998 1314 4064 Lanuvio
1342 4011 1449 4060 ortum
1479 3997 1616 4074 debeat,
1646 4019 1722 4062 con·

972 4123 1071 4165 suere
1100 4101 1265 4176 nonquII,
1294 4099 1472 4184 legendum
1501 4101 1533 4160 in
1561 4101 1720 4182 Dionysio

972 4203 1170 4277 Lanuvium,
1204 4222 1268 4263 non
1299 4202 1487 4278 Lavinium,
1520 4187 1605 4286 quos⁸
1632 4201 1720 4264 inter

972 4306 1113 4371 Vrsinus
1135 4305 1217 4388 ipse.
1251 4301 1317 4364 Sed
1339 4322 1532 4386 perperam,
1554 4323 1627 4363 nam
1650 4325 1723 4366 nur·

973 4421 1023 4469 rat
1045 4407 1240 4480 historicus,
1266 4403 1386 4468 Iactum
1418 4403 1504 4466 istud
1534 4403 1720 4489 prodigium

972 4507 1099 4570 interea
1123 4507 1299 4591 temporis,
1332 4527 1406 4572 cum
1436 4505 1513 4570 urbs
1542 4507 1582 4570 ab
1611 4511 1721 4572 Aones
