4194 5484
420 579 491 654 iio

417 844 523 906 bonis.
543 843 613 902 AR.
631 840 667 905 C.

559 943 684 1004 Eodem
702 943 849 1004 aduorso.

417 1045 517 1111 TER.
555 1042 769 1112 PAVLLVS.
828 1039 1027 1122 Tropaeum,
1059 1039 1162 1119 juxto

417 1147 497 1210 bino
516 1149 568 1209 ot'r
589 1157 726 1226 togatus
747 1155 859 1218 stans,
890 1141 989 1203 ttttnc
1010 1141 1162 1225 captivus

416 1251 575 1311 revinctis
592 1255 669 1327 post
689 1254 816 1322 tergum
838 1243 1006 1316 monibus,
1028 1243 1163 1302 ndston·

416 1350 505 1410 tibus
523 1347 652 1408 dnobus
666 1343 781 1423 porois
790 1337 928 1424 figuris.
958 1341 1031 1409 AV.
1053 1341 1163 1423 (Pem-

416 1446 520 1510 broclt
535 1447 574 1508 P.
587 1445 612 1508 1.
632 1443 695 1506 tab.
706 1443 752 1522 7.)
771 1441 902 1506 RRtttt.
924 1440 996 1507 AR.
1014 1444 1050 1508 Cr

560 1547 686 1607 Eodem
708 1545 857 1605 aduersu.
1156 1600 1158 1608 ,

418 1645 716 1709 CLEMENTIAE.
734 1643 769 1708 S.
777 1643 813 1705 C.
840 1643 948 1724 Caput
961 1641 1162 1707 Clementiae

417 1739 509 1811 intro
526 1749 685 1830 elypeum.
707 1745 778 1810 AR.
795 1743 927 1810 11an.

481 1827 643 1940 Quoniam
672 1847 778 1910 antica
804 1846 840 1907 in
868 1845 1017 1908 omnibns
1038 1845 1089 1908 bis
1110 1857 1162 1908 est

417 1948 551 2027 eodem,
594 1963 721 2013 certum
757 1950 898 2032 pariter,
940 1967 1006 2010 uno
1047 1967 1161 2010 omnes

416 2065 567 2136 tompore
591 2073 627 2115 ac
649 2051 786 2116 consilio
809 2051 962 2133 signatos.
985 2031 1067 2110 'lam
1096 2049 1161 2130 pri-

416 2173 505 2216 mum
536 2155 649 2216 sensus
677 2177 713 2214 rs
735 2151 949 2218 PAVLLVS.
971 2149 1159 2216 LEPIDVS

415 2255 651 2338 dijudicandus.
682 2252 926 2334 Hasercampu's
947 2264 1086 2334 utroque
1104 2269 1162 2312 no·

416 2357 506 2418 mine
543 2353 693 2418 exhiberi
727 2368 817 2438 putat
852 2351 1003 2436 Paullum
1034 2363 1068 2414 et
1098 2351 1163 2414 Lo·

417 2456 528 2540 pidum
555 2456 662 2518 Paulli
688 2455 806 2538 Lepidi
835 2453 941 2531 lilios,
974 2453 1017 2517 de
1044 2452 1161 2539 quibus

418 2558 573 2620 continuo
603 2557 674 2638 egi,
712 2557 918 2638 signatosque
953 2553 1014 2618 bns
1045 2575 1162 2618 numos

416 2653 504 2734 tum,
535 2655 610 2720 oum
632 2657 770 2740 uterque
794 2669 881 2718 esset
902 2655 998 2720 lllsir
1018 2671 1162 2720 moneta·

417 2757 477 2833 lis,
508 2776 645 2840 cumque
674 2758 707 2818 in
733 2777 848 2822 aversa
875 2755 965 2818 numi
986 2759 1012 2820 1.
1036 2757 1163 2822 videret

417 2859 553 2944 insuper
581 2871 725 2923 notatum
754 2857 959 2922 Scribonium
983 2857 1162 2939 Libonem,

417 2981 534 3026 omnes
554 2975 622 3026 tres
640 2963 790 3040 Illviros,
812 2960 868 3046 qui
888 2979 956 3022 uno
978 2960 1161 3046 eodemque

417 3063 567 3150 tempore
588 3064 761 3142 exstitere,
780 3059 920 3128 credidit
934 3061 1080 3128 indicari.
1106 3062 1162 3126 Ni·

419 3167 520 3229 mium
549 3165 578 3227 is
606 3185 669 3248 per
695 3179 798 3228 totum
829 3187 923 3228 suum
943 3185 1024 3248 opus
1045 3163 1078 3226 iu
1101 3177 1163 3226 sta·

417 3265 547 3330 tuendis
583 3265 708 3329 lllsiris
744 3265 908 3342 liberalis,
947 3287 1022 3330 cum
1051 3251 1163 3328 t'nmen

408 3366 489 3450 ipse
509 3366 606 3429 toties
630 3379 837 3452 quaestores,
860 3381 1046 3450 praetores,
1067 3383 1161 3450 prse-

418 3469 524 3532 iectos
537 3467 627 3530 uubis
648 3481 710 3531 ete.
730 3487 901 3528 numerum
920 3480 1068 3530 auctores
1083 3487 1161 3530 oon·

418 3570 506 3633 iiteri
523 3582 670 3672 cogatur.
707 3568 826 3630 Melius
843 3567 1037 3642 Perizonius
1055 3568 1161 3652 ipsum

417 3672 587 3756 utriusque
629 3684 755 3756 patrem
790 3668 939 3732 Paullum
978 3669 1159 3752 Lepidum,

419 3773 462 3836 (le
482 3787 547 3857 quo
574 3773 680 3856 ampla
705 3772 786 3834 mibi
806 3791 883 3834 mox
908 3771 993 3834 iacta
1017 3771 1159 3849 mentio,

418 3875 453 3936 in
486 3875 537 3938 his
565 3869 671 3936 numia
701 3873 808 3950 videt,
846 3891 940 3935 ceusu
969 3885 1058 3936 tanto
1088 3892 1161 3937 cer·

419 3977 524 4052 tiore,
552 3997 626 4040 cum
644 3990 816 4060 utrumqne
834 3973 884 4035 illi
904 3974 1004 4038 fuisse
1021 3974 1085 4038 boc
1103 3995 1161 4037 no·

418 4097 495 4140 rnen
518 4093 653 4142 constet.

482 4181 549 4244 Cur
563 4180 596 4240 in
615 4179 764 4244 omnibus
780 4179 831 4242 his
848 4179 954 4240 nnmis
970 4176 1094 4261 signata
1118 4179 1160 4239 sit

420 4281 698 4358 CONCORDIA,
727 4295 850 4346 certam
872 4301 999 4362 causam
1020 4299 1086 4342 uon
1107 4299 1159 4341 se·

300 4399 301 4406 ¹
420 4383 531 4464 perio,
560 4383 623 4443 nisi
649 4381 735 4446 forte
757 4383 880 4468 palpari
908 4381 1027 4466 placuit
1048 4381 1160 4464 Augu·

370 4479 373 4485 “
421 4495 471 4542 sto
494 4481 537 4542 ob
568 4483 736 4547 decretum
766 4497 918 4546 asenatu
949 4501 1053 4546 novae
1075 4483 1158 4545 Con·

420 4581 552 4648 cordiae
572 4583 732 4668 templum
752 4607 814 4669 per
834 4605 960 4650 causam
989 4584 1157 4649 restitutae

456 4793 487 4862 a)
507 4787 646 4850 nutv.
671 4799 732 4852 ct.
808 4789 843 4862 b)
862 4793 937 4851 Anu
950 4793 984 4850 T.
997 4792 1033 4850 ll.
1046 4794 1146 4868 poio.

1058 560 1316 636 AEMILIA.

319 751 322 762 ’
416 737 606 809 evitent..
620 731 947 803 scnfflottnnno.
974 733 1161 797 Puteolis·-

1217 753 1236 794 a
1256 731 1282 794 t
1299 729 1437 792 Caesare
1458 725 1567 811 pacis,
1594 723 1636 788 ‹ls
1657 743 1723 810 quo
1743 723 1809 790 Dio
1824 720 1879 810 ·).“
1912 727 1964 786 ln·

1216 843 1271 896 vat
1302 827 1459 917 judicium
1484 825 1572 892 istud
1598 848 1714 891 numus
1743 829 1817 912 tlt,
1848 841 1886 890 ut
1912 827 1964 890 ‹li-

1218 945 1321 996 cetur.
1452 1007 1456 1014 .
1588 927 1592 936 '
1691 988 1692 997 ,

1280 1031 1379 1094 Numi
1397 1031 1421 1097 l.
1441 1050 1555 1098 aversa
1580 1045 1692 1116 typum
1714 1027 1848 1094 exhibet
1866 1029 1963 1113 genti

1218 1133 1410 1198 Scribonius
1426 1133 1613 1218 proprium,
1629 1133 1855 1218 famigeratnm
1869 1151 1965 1194 nem-

1218 1256 1261 1320 pe
1277 1236 1401 1320 puteal,
1423 1234 1512 1319 quod
1527 1235 1561 1296 in
1581 1236 1651 1319 ejus
1668 1247 1831 1298 monetam
1850 1253 1964 1296 reser-

1217 1357 1341 1402 vamus.
1377 1337 1422 1400 At
1441 1357 1502 1399 cur
1522 1335 1610 1398 istud
1630 1337 1876 1402 Scriboniorum
1902 1336 1964 1397 de·

1219 1459 1276 1502 cus
1291 1438 1398 1500 numis
1413 1439 1479 1501 suis
1493 1439 1669 1502 inseruerit
1681 1438 1834 1513 Paullus,
1855 1435 1964 1520 expli·

1218 1554 1289 1604 eata
1315 1540 1410 1606 ratio.
1453 1540 1616 1616 Diximus,
1645 1539 1745 1602 luisse
1768 1537 1800 1600 ei
1822 1558 1962 1600 uxorem

1219 1642 1405 1706 Corneliam
1421 1642 1521 1706 filiam
1538 1641 1742 1716 Scriboniae,
1765 1660 1807 1702 ex
1824 1659 1888 1724 quo
1904 1638 1963 1700 ad·

1218 1739 1349 1807 finitatis
1365 1733 1530 1810 vinculum
1549 1745 1635 1807 inter
1653 1757 1768 1828 gentes
1786 1741 1962 1804 Aemiliam

1218 1859 1253 1909 et
1274 1847 1494 1925 Scriboniam,
1526 1859 1615 1909 tanto
1645 1845 1747 1928 magis
1767 1843 1883 1906 Paullo
1904 1862 1963 1908 ve·

1217 1948 1380 2026 nerabile,
1403 1947 1491 2034 quod
1505 1945 1564 2011 illo
1582 1969 1656 2011 cum
1673 1948 1771 2009 domn
1784 1945 1963 2008 Caesarum

1218 2051 1409 2132 conjunctus
1426 2064 1496 2123 est,
1518 2070 1560 2112 ex
1576 2070 1641 2134 quo
1657 2047 1851 2113 Octavianus
1870 2047 1965 2109 Scri·

1217 2151 1347 2214 bonism
1362 2151 1534 2215 Corneliae
1550 2165 1687 2214 matrem
1704 2168 1840 2212 uxorem
1855 2147 1965 2226 tinxit,

1218 2267 1254 2317 ut
1282 2275 1379 2337 supra
1417 2255 1512 2318 latius
1545 2253 1684 2316 ostendi.
1742 2251 1828 2312 lusto
1858 2249 1965 2333 igitur

1216 2376 1328 2431 eausa,
1372 2375 1432 2418 cur
1463 2353 1596 2416 Paullus
1627 2351 1840 2416 honorificum
1876 2353 1964 2415 banc

1216 2477 1292 2520 cum
1324 2469 1423 2539 gente
1445 2455 1616 2520 Scribonia
1644 2453 1799 2520 unionem
1827 2455 1862 2518 in
1891 2475 1966 2518 mo·

1217 2571 1293 2622 netu
1314 2578 1370 2620 sua
1387 2553 1532 2640 jactaret.
1654 2575 1661 2583 ·

1280 2657 1379 2732 Numi
1399 2660 1439 2720 11.
1471 2672 1566 2742 typus
1594 2655 1731 2721 illustris
1760 2657 1962 2742 ingementi.

1217 2763 1364 2826 Revocat
1387 2759 1474 2822 enim
1496 2759 1530 2822 in
1553 2758 1743 2844 memoriam
1769 2761 1809 2824 L.
1826 2759 1966 2822 Aemilii

1217 2863 1324 2924 Paulli
1363 2861 1533 2924 victorium
1572 2861 1614 2925 de
1645 2862 1789 2939 Perseo,
1833 2875 1964 2946 captum

1218 2963 1463 3039 Macedoniam,
1494 2976 1528 3026 et
1549 2963 1704 3047 deinceps
1721 2961 1874 3028 Romanis
1890 2983 1966 3026 ser·

1217 3065 1289 3130 vire
1318 3079 1481 3142 coactam,
1515 3077 1549 3128 et
1578 3064 1743 3146 ttiutnpbi.
1761 3065 1802 3132 V.
1827 3063 1863 3126 C.
1894 3065 1964 3144 587

1218 3165 1508 3250 magnificentiam,
1550 3185 1615 3248 qun
1652 3167 1761 3228 nullus
1802 3165 1964 3229 baetenns

1217 3289 1279 3352 per
1307 3266 1448 3352 praedae
1479 3265 1678 3351 opulentiam
1713 3265 1874 3351 insignior
1906 3281 1965 3332 est

1218 3381 1326 3442 actus,
1354 3389 1437 3452 ,quae
1468 3367 1576 3433 omnia
1601 3389 1646 3431 ex
1674 3368 1841 3432 veteribus
1862 3366 1962 3430 sticn-

1217 3484 1286 3532 rnte
1317 3472 1456 3534 collecta
1490 3469 1590 3533 babes
1621 3471 1706 3554 apud
1736 3469 1887 3553 Pighium
1913 3467 1960 3550 ¹²).

1216 3571 1358 3636 Exhibet
1372 3585 1467 3654 typus
1481 3571 1630 3633 Paullum
1649 3585 1793 3656 togatum
1809 3584 1964 3646 stantem,

1212 3685 1251 3736 et
1281 3687 1433 3756 porrecta
1467 3671 1603 3736 dextera
1636 3673 1850 3754 imperantem
1880 3673 1961 3756 quid

1216 3775 1359 3849 Perseo,
1382 3774 1437 3856 qni
1461 3771 1565 3836 adstat
1582 3773 1724 3850 vinctus,
1750 3775 1783 3834 in
1801 3774 1962 3836 comitatu

1216 3873 1355 3936 duorum
1375 3873 1535 3952 filiorum,
1556 3875 1613 3958 qui
1632 3874 1860 3960 triumphantis
1880 3894 1962 3960 quo·

1205 3973 1433 4059 ⁴qne‚victoris
1460 3995 1592 4038 currum
1613 3977 1843 4062 sequebantur.
1881 3975 1962 4058 Epi·

1217 4076 1341 4160 graphe
1359 4077 1458 4138 TER.
1477 4077 1681 4144 annnvs
1696 4098 1810 4140 sensus
1824 4089 1875 4140 est
1893 4097 1961 4138 nm·

1216 4177 1318 4262 bigni.
1360 4181 1426 4239 Aut
1457 4179 1543 4240 enim
1574 4177 1736 4262 significat
1755 4177 1960 4260 triumphum

1215 4277 1511 4356 slV.1lal.‘Dec.
1545 4280 1615 4363 ejus
1645 4279 1721 4342 anni
1751 4279 1784 4340 in
1812 4277 1960 4342 triduum

1201 4391 1418 4465 »porrectum
1450 4381 1492 4444 tle
1522 4402 1587 4468 quo
1617 4381 1738 4444 Florus
1754 4381 1802 4462 ⁰)=
1840 4383 1963 4462 ΜΡΝ

1214 4483 1506 4574 cujur'spootnculo
1521 4483 1667 4546 triduum
1680 4482 1877 4564 irnpleoerit,
1889 4483 1963 4564 pri·

1215 4605 1288 4646 mus
1299 4585 1371 4647 dies
1384 4585 1482 4664 signu
1494 4585 1702 4662 tabulasque,
1713 4601 1850 4660 sequens
1864 4601 1962 4646 ormo

1222 4791 1252 4860 ο)
1271 4789 1348 4858 att
1366 4809 1390 4845 s.
1403 4749 1451 4850 in
