4212 5516
950 533 1407 614 Pnonnconnna

910 1089 1295 1201 CAPVT
1368 1088 1454 1200 vt

617 1374 697 1454 Aa,
725 1385 763 1442 et
784 1394 807 1440 a
834 1365 969 1466 quibus
997 1381 1097 1440 extra
1124 1365 1251 1442 urbem
1277 1366 1412 1468 signati
1435 1365 1539 1440 numi
1563 1367 1731 1440 Romani.

400 1632 505 1746 Cum
530 1701 571 1744 er
591 1680 667 1764 lage
686 1677 848 1742 ordinaria
875 1677 909 1739 in
929 1677 1011 1742 urbe
1027 1689 1149 1742 tautam
1207 1692 1364 1759 quaestor
1385 1680 1621 1744 Macedoniarn
1643 1682 1826 1762 adtineret,
1855 1705 1959 1764 neque

399 1794 531 1848 moneta
557 1801 630 1864 rep.
655 1781 784 1866 integra
809 1779 987 1858 feriretur,
1028 1780 1149 1844 lactum
1206 1784 1239 1844 ei
1259 1802 1447 1846 successam
1476 1793 1580 1858 esset,
1614 1784 1788 1868 Pompeius
1815 1787 1853 1848 in
1882 1807 1955 1850 sans

400 1904 631 1970 nonnunquam
652 1895 708 1946 aut
726 1902 822 1958 casu,
852 1895 907 1944 aut
932 1895 1022 1946 certa
1043 1882 1149 1968 aliqua
1202 1886 1412 1966 prouinciam
1438 1903 1516 1944 aum
1544 1887 1696 1948 exercitu
1718 1887 1820 1949 venit.
1864 1887 1957 1951 Post·

361 2007 362 2016 ¹
398 1987 542 2063 renone,
594 1997 629 2048 ut
658 1997 813 2048 externus
848 2003 978 2070 quoqne
1010 1983 1148 2048 malleus
1207 2005 1304 2070 quam
1326 1981 1446 2046 deinde
1467 1997 1656 2050 excusasset
1676 1985 1877 2068 Antistium,
1898 2010 1956 2054 cur

399 2108 516 2154 numos
539 2087 699 2172 tingeret,
731 2107 813 2170 quos
836 2087 1018 2162 Romanos,
1049 2097 1083 2148 et
1102 2083 1148 2148 n·
1203 2083 1404 2170 aPcmpejc
1433 2083 1475 2148 ad
1496 2086 1671 2152 Caesarem
1701 2107 1770 2152 nan
1797 2091 1953 2158 transire·

401 2191 562 2256 miliarum
602 2188 675 2269 jure
712 2184 855 2260 dixeris,
895 2185 971 2270 quia
996 2197 1146 2268 spectate
1204 2185 1249 2247 rit
1276 2185 1405 2272 pergit:
1446 2207 1522 2252 oum
1553 2191 1747 2270 signaretur
1774 2207 1950 2276 argentata

396 2291 564 2380 pendere,
603 2301 638 2351 et
677 2287 761 2371 typis
797 2273 981 2348 Rom'anum
1012 2287 1146 2350 modum
1205 2287 1430 2370 Apolloniae,
1471 2311 1537 2353 nan
1562 2310 1699 2374 possunt
1720 2293 1850 2372 dicere,
1878 2318 1952 2360 suas

397 2403 546 2468 servant,
574 2402 608 2454 et
626 2387 666 2452 ab
689 2387 854 2471 inscriptis
874 2388 1070 2452 familiarum
1089 2409 1146 2451 no-
1201 2390 1408 2474 praesut'sse,
1445 2411 1547 2470 neque
1575 2411 1712 2474 possam
1746 2415 1869 2478 negare
1898 2401 1954 2464 ad·

396 2491 536 2556 minibus
558 2491 724 2553 Romanos
750 2510 786 2552 se
808 2489 914 2573 palam
938 2490 1145 2576 profitentur.
1192 2491 1326 2574 sitisse,
1354 2491 1414 2552 sed
1433 2511 1498 2554 aaa
1515 2491 1595 2574 plus
1615 2495 1743 2560 dachus
1763 2511 1825 2562 aut
1846 2501 1952 2566 tritas

397 2595 493 2658 Cassi
519 2591 641 2656 tribuas
664 2590 818 2672 copiosos
845 2609 960 2654 numos
984 2612 1046 2675 per
1074 2611 1147 2654 aaa·
1204 2593 1380 2656 mensibus.
1419 2590 1548 2656 Eodem
1570 2594 1669 2658 modo
1690 2617 1753 2681 per
1773 2597 1880 2664 varias
1901 2621 1952 2664 ar·

397 2715 465 2758 sam
489 2692 656 2758 bellorum
678 2691 822 2756 civilium
843 2691 1029 2755 necessario
1050 2713 1147 2777 pere·
1204 2691 1264 2756 bes
1305 2692 1447 2756 Graecas
1500 2693 1644 2782 signatos
1686 2697 1792 2766 luisse
1835 2721 1952 2772 names

398 2795 595 2880 gradatas,
625 2811 707 2879 quos
731 2792 821 2856 iuter
845 2793 1069 2858 numeraveris
1089 2793 1147 2858 de·
1203 2794 1315 2870 Bruti,
1350 2807 1384 2858 et
1405 2794 1524 2874 Cassii,
1562 2797 1633 2881 ipsa
1663 2819 1778 2866 eorum
1799 2815 1950 2887 tempora

395 2899 507 2962 narica
525 2895 656 2960 Metelli
672 2893 852 2980 Scipionis,
884 2895 939 2978 qui
959 2895 1000 2960 V.
1021 2895 1057 2958 C.
1080 2915 1144 2977 707
1202 2893 1529 2976 manifestatores,
1551 2899 1642 2983 cujus
1664 2902 1951 2989 laeticertaprc·

394 3001 427 3062 in
449 2999 560 3064 Africa
577 2997 702 3063 bellum
732 2995 890 3062 adversus
910 2997 1081 3060 Caesarem
1098 2995 1145 3058 in·
1200 2995 1306 3062 seram
1327 2999 1485 3083 ‘exempla
1510 2999 1553 3064 in
1582 3003 1689 3066 numia
1718 3004 1814 3088 bajas
1842 3008 1949 3072 Bruti.

394 3097 564 3177 stauraritt
588 3099 803 3186 nequeenim
826 3096 921 3162 feriri
937 3112 1088 3186 poterant
1109 3101 1144 3162 in
1200 3100 1274 3164 Huc
1295 3100 1391 3164 etiarn
1413 3099 1653 3188 quodammado
1671 3108 1837 3190 pertinet,
1860 3111 1950 3196 quod

395 3203 535 3270 cilicinis
572 3202 681 3280 urbis,
723 3223 802 3286 quas
840 3202 960 3268 Caesar
998 3201 1143 3266 tenebat.
1202 3201 1243 3268 ad
1264 3221 1395 3268 tersum
1417 3203 1549 3288 Virgilii
1579 3205 1642 3284 684
1669 3205 1748 3271 libri
1764 3209 1837 3278 vlt.
1869 3231 1950 3289 auos

395 3305 459 3367 lam
480 3323 561 3368 vera
583 3301 716 3369 biennia
733 3315 807 3367 ante
823 3323 885 3388 per
912 3301 1052 3366 similem
1071 3323 1146 3368 cau·
1201 3305 1292 3370 dives
1316 3307 1480 3386 Anagnia
1501 3312 1636 3392 pascis,
1673 3321 1766 3380 natat
1794 3311 1947 3380 Servius:

394 3425 462 3468 sam
495 3403 616 3490 signati
646 3403 728 3480 lctis
760 3401 887 3466 denarii
915 3402 1081 3488 inscripti:
1103 3405 1143 3468 L.
1201 3408 1293 3474 diaes
1316 3407 1499 3492 Anagnia,
1519 3421 1581 3471 aut
1591 3410 1747 3492 finitis,
1770 3427 1833 3478 arst
1854 3416 1947 3480 adlat-

394 3507 527 3570 LEN'I'.
572 3503 608 3569 C.
633 3503 768 3569 MABC.
796 3503 912 3580 COS.,
953 3525 1073 3590 nempe
1103 3505 1144 3570 L.
1201 3509 1252 3570 dte
1274 3508 1319 3570 ad
1335 3507 1523 3572 historiam.
1566 3505 1655 3574 Nam
1678 3513 1856 3580 Antonius
1874 3517 1948 3582 Aa·

391 3607 546 3686 Lentuli,
577 3619 612 3670 et
632 3607 669 3670 G„
684 3603 834 3670 Marcelli
852 3607 1040 3684 consulum,
1062 3625 1145 3694 quos
1198 3611 1295 3692 gusti
1311 3629 1423 3674 sorore
1438 3621 1644 3694 scnemata,
1658 3627 1838 3697 postauam
1858 3617 1948 3681 ctas·

395 3713 514 3779 Caesar
534 3707 670 3800 transito
686 3706 859 3772 Rubicone
876 3730 940 3772 una
956 3727 1031 3774 cum
1048 3707 1145 3776 Pom·
1197 3719 1332 3792 patrum
1360 3713 1463 3776 duait
1489 3730 1649 3791 osorem,
1683 3731 1851 3782 monetata
1877 3720 1949 3800 ejus

394 3813 473 3898 peja
503 3810 667 3880 excedere
700 3809 810 3885 ltalia,
855 3823 889 3876 et
918 3809 952 3874 in
974 3807 1156 3874 Graeciam·
1202 3816 1335 3876 nornine
1352 3815 1388 3876 in
1407 3813 1572 3894 Anagnia
1587 3817 1726 3881 civitate
1740 3819 1948 3904 jwsitfieri.

393 3917 574 3984 transferre
593 3913 720 3980 bellum
736 3912 858 4000 eoepit.
880 3911 1031 4000 Signatus
1044 3911 1146 3998 Apol·
1204 3911 1294 3978 lstud
1315 3911 1344 3978 si
1365 3933 1500 3990 rerum,
1521 3933 1659 3982 necessa
1680 3931 1751 3998 est,
1782 3920 1947 3986 officim

394 4018 502 4084 leniae
514 4017 651 4104 lllyrici,
669 3999 849 4084 verisimile
861 4027 921 4094 est,
935 4012 1145 4100 praeferente
1202 4015 1369 4102 Anagniae
1391 4015 1597 4080 constitutam
1618 4015 1720 4086 inisse
1741 4021 1851 4108 alique
1867 4035 1948 4088 tem·

395 4117 503 4184 lacem
522 4120 697 4186 Cicerone.
734 4117 854 4182 Narrat
867 4116 895 4180 is
911 4115 944 4178 in
955 4115 1091 4199 epistola
1102 4115 1144 4182 ad
1200 4137 1282 4203 pore
1321 4131 1415 4195 ante,
1456 4139 1551 4201 quarn
1586 4118 1776 4188 inimicitia
1811 4124 1946 4190 nterii

394 4219 550 4284 Plancum
569 4223 613 4302 ·)s
646 4221 746 4300 bajas
782 4217 979 4306 (Capitonis)
1010 4221 1144 4309 propin·
1201 4231 1235 4282 et
1256 4215 1428 4284 Octaviani
1449 4217 1483 4280 iu
1512 4233 1660 4303 apertam
1688 4223 1815 4290 bellum
1836 4246 1946 4292 erum·

395 4341 480 4402 anas
493 4321 571 4404 suit
595 4321 628 4384 T.
650 4323 846 4398 Antistius,
871 4325 930 4404 out
957 4341 1031 4384 cam
1053 4333 1143 4386 sorte
1199 4333 1326 4404 perant.
1372 4317 1467 4382 Adde
1496 4317 1647 4388 decanos
1667 4323 1807 4391 Labieni
1827 4327 1946 4396 nons-

399 4570 1940 4616 υ-ξ--ι--ι-ι--Ή
