4254 5494
412 593 486 661 303
1035 557 1335 634 SERVILIA.

1216 739 1292 792 suut
1330 736 1438 788 tamen
1476 720 1715 805 priecodentes
1745 721 1813 786 duo
1841 720 1971 785 denarii

413 845 545 912 Rullus.
611 843 616 858 ⁸
1004 874 1014 892 .
1217 847 1291 892 esse
1311 823 1480 910 ejus-lilii.
1511 826 1567 910 qni
1585 845 1658 888 sese
1679 838 1757 908 type
1776 823 1851 888 litui
1876 837 1970 906 patre

551 940 699 1011 RVLLI.
726 941 880 1002 Protome
899 935 1058 998 Palladis.
1150 955 1153 964 ·
1214 948 1341 1013 augure
1372 927 1474 991 luisse
1512 941 1622 991 uatum
1661 927 1769 1011 potuit
1804 925 1969 1010 profiteri.

411 1051 449 1116 P.
473 1045 659 1114 SERVILI.
686 1043 733 1107 M.
755 1041 793 1102 F.
837 1040 990 1102 Victoria
1015 1040 1052 1100 in
1076 1037 1159 1098 citis
1217 1030 1350 1094 Tertius
1371 1041 1435 1092 tam
1462 1029 1582 1096 vetusti
1603 1028 1714 1113 operis
1732 1047 1800 1090 nou
1823 1042 1893 1108 eet,
1928 1027 1969 1092 de

316 1179 326 1196 ·
413 1153 517 1234 bigis,
539 1152 576 1210 in
595 1167 682 1208 area.
705 1144 775 1208 AR.
796 1141 834 1206 (l.
1217 1152 1282 1218 quo
1314 1144 1438 1216 postea.
1481 1135 1518 1194 In
1550 1145 1631 1216 typo
1671 1149 1828 1207 eversae,
1868 1151 1967 1216 quem

475 1253 579 1314 Rotuu
609 1249 649 1313 P.
675 1242 834 1308 Servilius
862 1239 979 1302 Rullus
1010 1237 1159 1302 tribunus
1216 1235 1345 1318 priores
1368 1234 1432 1296 duo
1458 1233 1585 1300 denarii
1606 1231 1781 1310 exhibent,
1811 1252 1881 1296 non
1898 1255 1966 1296 mo-

413 1351 538 1440 plebis‚
585 1349 676 1431 cujus
707 1348 819 1429 legem
848 1342 1007 1426 agrariam
1041 1342 1159 1404 Cleero
1217 1335 1335 1412 rabor,
1370 1337 1445 1420 quia
1469 1337 1509 1396 ad
1531 1355 1607 1396 eum
1629 1333 1859 1418 explicandum
1883 1336 1967 1400 teri·

412 1454 531 1519 conoul
564 1449 730 1523 eratione.
773 1464 854 1530 quae
893 1441 998 1507 adhue
1036 1455 1159 1517 exalat,
1218 1438 1324 1500 simile
1345 1437 1428 1497 nihil
1447 1435 1579 1499 adferre
1598 1456 1740 1519 possum.

306 1593 315 1614 .
414 1555 521 1619 eolide
551 1547 761 1633 impugnavit.
799 1547 879 1629 Ejuu
909 1559 1002 1628 pater
1029 1543 1093 1606 fuit
1121 1546 1160 1608 Ρ.
1279 1539 1394 1604 Autica
1419 1537 1545 1600 denarii
1564 1539 1769 1602 llI.'illustre
1794 1557 1966 1620 argumen-

413 1654 576 1720 Serrilius
598 1649 732 1725 Rullus,
757 1667 852 1732 quem
875 1639 977 1711 suisne
998 1647 1162 1710 Romano·
1218 1653 1287 1702 tum
1305 1640 1469 1715 continet,
1490 1651 1526 1702 et
1541 1639 1622 1701 deae
1643 1638 1763 1701 Florae
1782 1639 1965 1722 proprium.

390 1775 490 1844 ⁸rum
520 1755 660 1838 primum
685 1752 733 1815 ait
759 1751 902 1831 Plinius„
934 1749 990 1833 qui
1019 1748 1160 1812 solidum
1218 1744 1482 1824 Revereampns,
1514 1740 1570 1824 qui
1599 1739 1633 1801 in
1661 1740 1697 1801 id
1724 1759 1828 1825 genua
1850 1742 1967 1817 namin,

415 1877 530 1944 aprum
547 1856 586 1917 iu
607 1853 714 1938 epulis
736 1851 885 1936 adposuit
907 1854 947 1935 ¹).
983 1849 1097 1920 Vtrius
1117 1851 1161 1916 uit
1216 1858 1359 1928 ectypou
1405 1842 1636 1905 Morelliuuum
1685 1855 1841 1920 secutus,
1899 1864 1965 1906 uon

413 1960 470 2028 iric
492 1957 660 2033 denarius,
683 1956 855 2018 incertum.
1151 1941 1154 1944 ¹
1217 1946 1409 2009 FLORAL.
1434 1945 1532 2028 legit,
1564 1941 1652 2026 quod
1674 1943 1715 2004 ab
1741 1944 1812 2006 aliis
1831 1944 1964 2022 laetum,

1215 2046 1276 2110 aed
1311 2045 1482 2121 FLORA,
1520 2059 1689 2128 receptam
1715 2044 1876 2109 hactenus
1914 2067 1969 2110 eo-

673 2169 693 2206 e
778 2123 796 2160 ⁴⁵
882 2169 901 2205 a
1211 2170 1289 2211 rum
1308 2147 1500 2211 senteutiam
1519 2147 1689 2229 repudiat,
1713 2147 1768 2231 qui
1787 2147 1965 2231 legendum

415 2261 555 2329 Servilii
571 2262 703 2324 incerti.
1218 2271 1396 2314 censuere:
1434 2249 1651 2312 Ftronnnta
1676 2249 1842 2315 PRIMVS
1866 2251 1970 2332 ficit,

557 2361 697 2426 ROMA.
730 2361 837 2444 Caput
856 2359 1007 2423 Palladis
1022 2359 1161 2436 aloinus,
1214 2366 1499 2436 eumqnecertum
1518 2364 1621 2435 putet,
1640 2349 1847 2433 prietensum
1862 2351 1968 2416 FLO-

555 2485 639 2546 prue
657 2482 721 2542 quo
738 2463 786 2540 X.
805 2483 890 2544 porse
907 2463 1023 2526 lituus.
1218 2457 1279 2518 ΒΑ
1297 2455 1418 2520 referri
1439 2453 1478 2516 nd
1498 2453 1701 2538 propositum
1721 2468 1816 2536 caput
1833 2455 1965 2533 Florae,

414 2567 454 2629 C.
470 2566 672 2632 SERVEIL.
703 2565 814 2644 Eques
833 2563 990 2644 galeatus
1011 2583 1085 2625 eam
1104 2563 1162 2624 ira·
1217 2573 1254 2622 et
1276 2581 1311 2620 το
1338 2557 1502 2624 PRIMVS
1530 2576 1603 2619 ease
1638 2575 1823 2640 cognomen
1855 2557 1963 2642 gentis

291 2695 294 2702 ¹
414 2679 471 2728 sta
487 2679 521 2727 et
539 2667 670 2746 clypea,
693 2670 749 2726 ersi
767 2665 963 2746 inscriptum
979 2663 1032 2738 M,
1055 2665 1161 2724 citato
1219 2659 1396 2735 Serviliae,
1418 2659 1587 2742 utriusque
1602 2655 1702 2740 partis
1716 2657 1964 2742 inscriptionem

412 2787 516 2827 eursu
543 2765 712 2826 invehitur
744 2765 781 2824 in
809 2765 951 2841 equitem
977 2763 1082 2822 alium
1100 2765 1163 2844 fu·
1217 2761 1450 2843 conjungendo
1482 2760 1582 2844 legit:
1616 2757 1778 2824 FLORA.
1811 2760 1848 2823 C.
1869 2761 1967 2822 SER-

411 2853 580 2948 gientem'.
604 2875 639 2924 et
656 2885 727 2928 sese
749 2865 891 2926 adducto
905 2863 1023 2946 gladio
1041 2875 1163 2924 retror·
1218 2863 1369 2928 VEILI..
1391 2861 1430 2925 C.
1473 2861 1511 2924 F.
1542 2861 1717 2926 PRIMVS.
1772 2861 1964 2944 Perperam.

415 2985 490 3034 sum
506 2967 739 3050 deflendentem.
762 2965 833 3031 AR.
849 2965 887 3030 C.
1140 3001 1144 3008 ·
1218 2965 1317 3040 Nam,
1344 2961 1433 3046 quod
1450 2961 1514 3039 ait,
1537 2961 1715 3024 inauditum
1737 2981 1811 3026 esse
1835 2985 1965 3027 morem

556 3067 696 3132 ROMA.
729 3069 836 3152 Caput
851 3068 1012 3131 muliebre
1029 3067 1160 3130 laurea·
1216 3064 1390 3152 loquendi:
1414 3065 1564 3128 Floralia
1582 3067 1712 3146 primus
1733 3064 1965 3130 subintellecto

559 3170 881 3253 tum4praequox,
899 3169 1160 3252 poneiitunret
1205 3169 1315 3255 ficit,
1342 3165 1458 3228 laisum
1481 3179 1549 3242 est,
1581 3178 1615 3228 et
1639 3165 1743 3227 miror
1768 3187 1864 3244 sene,
1896 3187 1964 3231 uon

560 3273 730 3334 variantes
746 3272 916 3353 alphabeti
934 3273 1062 3334 literae.
1217 3267 1401 3334 advertisse
1440 3265 1582 3329 animum
1622 3265 1663 3327 asi
1703 3287 1820 3329 numos
1858 3271 1966 3354 gentis

418 3371 543 3434 Eadem
569 3389 694 3434 aversa.
720 3371 791 3434 AR.
810 3371 848 3433 C.
1219 3368 1416 3445 Mesciniae,
1457 3380 1492 3430 et
1524 3367 1737 3451 Sanquiuiae‚
1776 3368 1817 3430 in·
1849 3369 1966 3452 quibua

560 3468 752 3535 FLORAL.
770 3473 944 3536 PRIMVS.
972 3473 1162 3554 Caputmu·
1218 3483 1293 3553 post
1320 3469 1420 3534 verba
1446 3469 1595 3538 LVDOS
1620 3469 1742 3532 SAEC.
1767 3472 1864 3534 etiam
1893 3471 1966 3536 tub·

560 3572 816 3657 liobrefloribrss
834 3585 1010 3648 ornatum.-
1022 3595 1108 3654 porse
1120 3575 1161 3637 li·
1218 3570 1332 3668 audire
1352 3583 1498 3654 oportets
1521 3573 1627 3650 serit,
1652 3583 1687 3633 ut
1709 3571 1831 3655 etipse
1858 3573 1967 3636 aubin·

562 3685 651 3734 tuus.
1221 3673 1329 3756 telligi
1353 3671 1477 3736 debere
1503 3669 1624 3736 docuit.
1667 3673 1798 3736 Deinde
1824 3695 1891 3738 nou
1918 3697 1965 3738 sa·

418 3775 456 3838 C.
481 3771 697 3843 SERVEILI.
719 3773 758 3841 C.
783 3775 822 3840 F.
860 3773 938 3836 Duo
966 3775 1091 3838 milites
1113 3795 1164 3836 ar·
1221 3774 1263 3838 tis
1302 3773 1474 3842 commode
1512 3773 1638 3836 cuidam
1678 3774 1823 3839 familiae
1867 3776 1963 3858 hujus

419 3881 519 3953 mati,
549 3889 584 3940 et
612 3877 743 3938 adversi
761 3889 888 3938 stantes
904 3878 1067 3957 pugiones
1086 3878 1162 3938 eria-
1220 3877 1327 3960 gentis
1350 3876 1654 3959 suisseeoguomen
1672 3879 1779 3940 Primi
1800 3869 1843 3940 e'x
1865 3899 1963 3942 numo

418 3989 492 4040 etos
509 3977 692 4061 construat.
713 3977 782 4038 AR.
803 3977 839 4041 C.
1220 3979 1369 4042 coloniae
1400 3977 1550 4042 Corinthi
1584 3975 1733 4054 confluit,
1775 3999 1874 4063 quem
1904 3977 1964 4042 ibi·

484 4079 569 4142 Cum
594 4079 627 4140 iu
650 4079 800 4143 omuibus
832 4077 884 4140 his
906 4076 1012 4141 numia
1035 4096 1165 4162 compa·
1222 4079 1298 4144 dem
1316 4081 1437 4164 pictum
1466 4081 1551 4144 sistit
1567 4079 1773 4157 Mamilius..
1793 4095 1827 4143 et
1847 4081 1878 4144 in
1898 4101 1962 4166 quo

419 4191 493 4244 reat
520 4179 634 4259 lituus,
667 4181 846 4247 verisimile
877 4179 981 4244 visum
1010 4179 1183 4261 eruditis„
1222 4183 1395 4266 scriptum:
1432 4182 1469 4248 C.
1493 4180 1710 4248 SERVILIO.
1741 4183 1894 4247 PRIMO.
1921 4185 1963 4246 II·

421 4279 616 4347 tribnendos
636 4283 778 4348 Servilio
803 4282 950 4366 Iugari,
979 4303 1076 4368 quem
1091 4303 1163 4346 nar·
1220 4285 1326 4361 VIR,
1357 4305 1430 4348 nam
1456 4283 1597 4350 dubitari
1614 4283 1687 4366 jure
1705 4295 1832 4367 potest,
1854 4299 1963 4348 utrum

423 4397 474 4448 rut
489 4385 685 4450 Plutarchus
700 4385 749 4469 ¹³),
771 4385 939 4450 aLueullo
953 4386 1163 4452 adoleseeute
1220 4385 1256 4448 Iri
1275 4387 1473 4462 coluniarpm
1494 4387 1697 4470 magistratus
1718 4405 1836 4452 revera
1861 4387 1902 4450 ud
1919 4387 1964 4450 ia·

420 4485 555 4570 publico
583 4488 725 4551 erimine
757 4475 959 4565 accusatum,
998 4487 1085 4574 quod
1114 4487 1165 4552 sui
1222 4489 1327 4551 milies
1344 4491 1504 4551 Romanae
1531 4489 1744 4570 cognomines
1769 4489 1962 4574 pertineant.

422 4588 524 4674 petris
541 4589 676 4652 inantea
693 4602 915 4654 accusatorem
931 4603 1054 4674 egerat.
1085 4591 1165 4655 Pos-
1223 4592 1377 4655 Ceterum
1394 4589 1550 4674 quidquid
1569 4590 1601 4650 in
1619 4610 1690 4654 rem
1717 4613 1807 4668 cuum
1833 4589 1963 4655 adferre

457 4799 487 4867 a)
506 4793 538 4850 1..
550 4793 628 4854 VIII.
652 4803 695 4858 78.
770 4795 806 4866 b)
825 4795 856 4852 iu
869 4795 993 4856 Lucullo
1008 4797 1134 4856 subluit.
