4184 5500
364 571 366 576 ¹
408 601 456 672 go
961 573 1413 656 PROLEGOMENA
1505 623 1509 631 ·

408 757 481 821 dice
511 746 587 817 lmic
617 745 773 820 rolum'ini
802 753 961 837 subjecto.
1007 755 1081 818 Huc
1108 707 1176 816 tae·
1212 741 1313 814 liebri
1337 747 1463 833 galeato
1492 745 1596 824 alato,
1629 744 1672 810 dc
1697 761 1763 830 quo
1787 745 1873 811 milti
1894 769 1971 816 con·

408 879 485 924 naen
501 855 611 922 distuli
627 857 884 924 controuersiam
901 855 944 920 de
961 856 1070 942 wcapite
1087 875 1154 918 suu·
1212 853 1303 916 tinuo
1322 869 1440 917 sermo.

976 1151 1373 1186 w·

912 1485 1296 1692 oarvr
1373 1575 1444 1690 x.

827 1819 886 1894 De
911 1804 1034 1919 capite
1058 1779 1229 1892 muliebri
1251 1815 1400 1916 galeato
1425 1813 1533 1890 alato.

384 2033 498 2150 'Inde
530 2107 548 2156 a
577 2084 742 2172 principio
775 2081 893 2169 signati
926 2080 1055 2167 argenti
1077 2099 1156 2164 par·
1212 2083 1338 2146 Romae
1364 2077 1532 2167 effigient,
1566 2077 1674 2164 qualia
1699 2093 1780 2145 aunt
1807 2083 1964 2168 plurima,

407 2195 475 2252 tem
494 2189 564 2270 ejas
583 2187 755 2254 adeersum
771 2183 942 2268 occupavit
967 2195 1064 2267 caput
1086 2201 1157 2245 mn·
1212 2183 1388 2269 praecipue
1423 2185 1458 2245 in
1488 2181 1615 2259 numia,
1651 2182 1721 2266 ejus
1752 2181 1835 2248 deae
1868 2190 1961 2272 galea

409 2291 515 2354 liebre
546 2289 709 2373 galeatum
736 2291 874 2365 alatum,
910 2285 1011 2370 idque
1033 2283 1155 2347 nonin
1213 2285 1295 2351 alata
1317 2299 1377 2350 eat.
1420 2285 1477 2351 111.
1507 2287 1545 2347 lu
1565 2283 1689 2362 nuruis,
1711 2305 1793 2371 quus
1815 2287 1965 2353 Samniti·

407 2389 551 2456 denariis
585 2391 704 2470 modo,
749 2389 808 2454 scd
840 2402 874 2453 et
912 2386 1085 2472 quinariis,
1122 2399 1156 2451 et
1213 2407 1270 2452 coa
1288 2385 1475 2462 statuimus,
1504 2399 1539 2450 et
1553 2386 1696 2470 signatos
1712 2399 1865 2476 tempore
1881 2391 1961 2454 belli

407 2491 586 2569 sestertiis,
614 2493 783 2576 paullatim
799 2477 897 2555 etiam
920 2489 1058 2553 aliorum
1077 2488 1156 2554 dee
1212 2489 1359 2567 socialia,
1382 2489 1489 2552 simile
1507 2487 1648 2552 habetur
1665 2503 1771 2574 caput.
1789 2569 1793 2582 ὓ
1810 2491 1864 2553 Au
1879 2513 1961 2560 vero

406 2613 479 2656 rum
511 2593 669 2677 imagines
697 2583 871 2668 admissae,
902 2591 1047 2675 deniquo
1078 2603 1155 2674 post
1211 2591 1309 2676 jurati
1331 2592 1455 2655 Romae
1485 2591 1588 2653 hostis
1622 2591 1755 2676 genium
1785 2593 1877 2658 urbis
1900 2597 1961 2658 iui-

406 2695 530 2758 saeculi
554 2694 596 2758 als
618 2695 700 2758 urbe
734 2693 864 2778 condita
887 2693 960 2759 Vll.
983 2689 1154 2753 dimidium
1211 2693 1315 2755 mirae
1335 2714 1391 2756 sua
1409 2691 1441 2754 in
1459 2705 1591 2756 moneta
1615 2695 1837 2779 signaverint?
1867 2698 1958 2760 Haec

406 2799 536 2879 penitus
554 2797 743 2882 neglectum
762 2809 822 2860 est.
853 2793 937 2857 Esse
956 2807 1052 2876 caput
1070 2792 1152 2856 deae
1211 2807 1401 2878 argumenta
1419 2795 1495 2858 satis
1517 2816 1580 2880 per
1594 2815 1630 2859 se
1651 2799 1764 2861 'vatem
1782 2797 1822 2862 ad
1850 2818 1958 2882 asper·

405 2901 531 2964 Romae
576 2900 675 2985 primi
713 2899 791 2963 artis
830 2907 968 2960 nostrae
1006 2894 1154 2979 magistri
1210 2895 1348 2959 nandum
1371 2911 1518 2961 retorem
1542 2897 1746 2962 sententiam.
1779 2901 1958 2985 Superest,

404 3016 594 3068 constanter
632 3001 825 3080 credidere,
866 3011 1059 3082 tantumque
1101 3019 1153 3062 va·
1210 3011 1262 3072 ut,
1294 2998 1384 3079 cujus
1413 3013 1507 3084 capnt
1536 2999 1623 3080 illud
1642 2999 1684 3061 ait
1710 3001 1793 3066 deae
1820 3003 1958 3088 effigies,

405 3106 466 3170 luit
500 3127 569 3171 uua
603 3106 794 3171 anctoritate
835 3101 911 3168 nixa
950 3099 1078 3184 opinio,
1118 3111 1155 3162 ut
1205 3098 1300 3183 quod
1324 3099 1435 3164 facere
1456 3101 1604 3184 neglexit
1624 3104 1815 3182 praeclarus
1835 3105 1959 3170 (llis-ie·

406 3207 585 3270 multorum
601 3225 675 3272 eam
691 3225 851 3270 annorum
865 3203 1039 3269 intervallo
1054 3223 1152 3267 nemo
1212 3201 1300 3276 rius,
1323 3202 1547 3268 constituatur.

402 3305 437 3366 iu
467 3305 601 3368 dubium
630 3321 782 3382 voearet,
819 3319 853 3370 et
883 3307 917 3367 in
946 3327 1002 3369 sua
1033 3305 1153 3389 singuli
1271 3301 1349 3382 Aio,
1379 3322 1453 3366 esse
1471 3303 1650 3371 Palladem.
1699 3307 1793 3372 Hanc
1814 3327 1880 3392 quo
1902 3309 1956 3368 mi·

404 3407 524 3481 Roma,
565 3406 656 3470 relat
686 3407 849 3490 religione
877 3407 1044 3486 obstricti,
1076 3427 1177 3470 con··
1211 3419 1271 3465 nus
1309 3421 1526 3487 agnoscerent
1564 3401 1754 3492 antiqirarii,
1793 3407 1955 3486 vetabant,

402 3507 545 3570 fidenter
582 3509 839 3593 acquiescerent.
888 3507 1018 3571 Primus
1055 3507 1152 3572 abbas
1211 3504 1332 3584 credo,
1372 3505 1545 3572 adstitutae
1576 3510 1656 3574 alae.
1700 3511 1745 3575 Aa
1764 3507 1832 3576 uon
1860 3510 1957 3575 relle-

405 3612 586 3676 Olirieriua
617 3631 711 3673 ausus
748 3624 799 3674 eat
827 3610 1044 3674 inveteratum
1070 3609 1152 3694 ludil
1210 3626 1290 3670 acre
1313 3607 1473 3685 animum,
1503 3625 1558 3674 aut
1576 3613 1707 3678 idoneis
1738 3615 1955 3679 monumentis

403 3718 490 3779 oium
527 3715 736 3798 impugnare,
781 3711 957 3795 praeclaris
994 3735 1071 3777 usos
1111 3709 1152 3775 ad
1209 3707 1354 3773 destituti
1383 3712 1570 3791 nescivere,
1609 3716 1734 3780 Palladi
1764 3717 1957 3802 frequenter

403 3820 503 3884 iidem
525 3799 707 3882 inclaudam
738 3801 938 3898 argumentis
962 3815 1003 3895 ¹).
1047 3817 1072 3880 1.
1095 3815 1151 3876 Ni·
1209 3809 1333 3875 additas
1371 3807 1472 3878 luisse
1508 3817 1592 3894 alas,
1638 3837 1758 3902 easque
1795 3817 1846 3880 illi
1883 3819 1954 3900 jure

405 3922 470 3996 hil,
499 3911 561 3996 a‘it,
599 3917 742 4002 probare
780 3915 941 3999 adjectam
973 3901 1082 4000 saepe¹
1102 3937 1153 3980 ca·
1208 3915 1410 4000 competere.
1457 3919 1558 3982 'Mitto
1606 3919 1750 4006 insignes
1790 3941 1951 4005 gemmas,

404 4025 463 4108 piti
492 4021 609 4088 vocem
648 4019 795 4100 ROMA,
838 4019 912 4082 nam
940 4017 1031 4081 illam
1058 4017 1151 4102 jungi
1209 4039 1291 4104 quae
1330 4019 1499 4085 Mineruae
1546 4019 1659 4104 galeae
1703 4023 1770 4086 alas
1800 4020 1951 4098 addunt,

406 4127 503 4189 etiam
533 4125 631 4210 capiti
653 4123 816 4210 Apollinis
840 4121 880 4184 iu
902 4119 1061 4198 Caecilia,
1091 4122 1150 4186 Fa·
1208 4123 1292 4206 apud
1309 4125 1475 4208 Begerum
1490 4121 1541 4206 b),
1572 4137 1605 4186 et
1624 4125 1795 4190 Zanettum
1811 4127 1860 4210 e),
1892 4123 1954 4189 etsi

404 4211 472 4303 laia,
507 4227 691 4302 Postumia,
723 4225 878 4292 Herculis
914 4225 949 4286 lu
979 4223 1149 4298 Cornelia,
1206 4225 1279 4298 iric,
1310 4245 1374 4310 quo
1401 4245 1498 4310 saepe
1526 4225 1689 4312 hodieque
1710 4228 1842 4310 peccari
1866 4227 1955 4294 ride·

404 4329 535 4393 Saturni
560 4329 601 4407 ¹iu
635 4331 790 4394 Memmia
820 4343 882 4394 etc.
932 4330 1030 4392 11.1n
1058 4325 1149 4390 nullo
1207 4349 1295 4407 mus,
1325 4325 1548 4391 Alexandrum
1576 4334 1622 4396 Μ.
1652 4351 1713 4415 pro
1744 4329 1879 4393 Pallade
1908 4331 1955 4392 di·

403 4445 516 4497 vetere
556 4445 785 4508 monumento,
825 4429 914 4517 quod
945 4445 1066 4496 certam
1096 4431 1148 4498 dat
1207 4433 1263 4496 xit.
1315 4429 1411 4494 Mitto
1444 4431 1541 4494 etiam
1570 4453 1642 4496 eam
1674 4433 1720 4498 sic
1753 4433 1952 4518 propositam

436 4823 466 4894 a)
489 4811 1001 4897 SaggidiGort.'1¹om.1V·1³·135.
1077 4813 1525 4890 b)Thca.llraud.'l'.l.p.l9.
1602 4818 1632 4887 s)
1653 4815 1897 4892 nuculeum.
