4262 5488
558 612 633 684 AD
668 613 871 696 N'VMOS
905 618 1290 694 FAMILIARVM.

642 1097 646 1108 ’
739 1099 743 1110 ’
869 1096 1013 1228 §.ms
1113 1109 1116 1116 ’

820 1329 1031 1416 Ανσξιαίιιιιί.

212 1603 423 1672 Archaismus
442 1619 494 1675 est
510 1622 605 1676 vetus
622 1611 798 1698 loquendi,
819 1611 900 1677 scri·
956 1615 1144 1700 republica,
1182 1629 1216 1680 et
1252 1615 1422 1680 consulum
1459 1617 1625 1684 dominatu
1662 1622 1702 1682 si.

146 1705 292 1772 bendive
321 1709 425 1790 ratio,
469 1731 552 1796 quse
588 1714 709 1778 sensim
742 1715 897 1780 exolevit.
958 1717 1046 1800 gnati
1076 1731 1167 1796 sunt,
1206 1737 1314 1803 neque
1340 1715 1481 1782 familiae
1511 1713 1631 1784 nomen
1657 1721 1705 1784 in·

146 1809 231 1892 Ejus
256 1812 358 1876 mults
389 1811 525 1899 vestigia
552 1813 586 1875 in
612 1813 718 1880 numia
741 1815 899 1904 Graecis,
956 1809 1113 1902 scriptum
1142 1813 1302 1896 offerunt,
1334 1831 1367 1882 et
1390 1819 1585 1906 plerumque
1614 1822 1704 1886 senti·

147 1923 183 1974 et
209 1909 346 1976 Latinis.
397 1911 466 1980 Sed
488 1913 522 1976 in
543 1915 667 1978 Latinis
693 1929 768 2002 post
790 1918 900 2000 Augu·
957 1909 1074 1982 liarnm
1100 1939 1215 1983 numos
1249 1931 1354 1982 aetate
1383 1920 1595 2004 praecedunt.
1642 1923 1707 1986 Ex·

148 2025 237 2076 stum
253 2032 336 2091 ¹rsro
357 2015 517 2100 reperias.
561 2013 672 2107 Quare
698 2016 739 2081 de
759 2018 811 2080 his
831 2018 897 2080 hoc
955 2017 1122 2082 etatetiam
1143 2021 1175 2082 in
1188 2019 1305 2104 insigni
1324 2039 1426 2084 aureo
1442 2021 1605 2086 consulari
1621 2023 1707 2106 ejus·

148 2113 228 2180 loco
256 2113 522 2182 commodissime
549 2117 666 2204 agitur.
711 2115 899 2182 consistunt
956 2121 1032 2186 dem
1071 2121 1175 2186 musei
1206 2141 1280 2186 cum
1315 2137 1392 2206 typo
1423 2119 1568 2185 foederis
1604 2145 1705 2209 porca

149 2229 262 2280 sutem
287 2215 460 2280 srchsismi
488 2221 593 2282 nostri
614 2219 798 2304 argumenti
824 2221 848 2284 1.
865 2219 900 2281 in
927 2241 1113 2310 ,percussa
1147 2221 1229 2286 initi.
1290 2223 1392 2285 Extra
1425 2207 1544 2302 numos
1576 2245 1706 2310 comps·

148 2317 259 2382 torma
273 2317 461 2400 litersrusn,
490 2321 531 2384 11.
546 2321 580 2383 in
599 2319 709 2389 verbis
727 2321 817 2388 sario
833 2341 901 2386 ιιιο-
956 2337 1011 2388 ret
1038 2322 1072 2385 in
1101 2324 1319 2389 vetustissima
1355 2323 1567 2416 inscriptione
1600 2330 1710 2413 sepul-

152 2419 198 2480 do
216 2419 359 2504 scriptis.
959 2425 1053 2502 crali,
1072 2445 1168 2510 quam
1184 2426 1326 2512 vulgavit
1341 2426 1482 2490 Lanzius
1502 2426 1536 2488 iu
1553 2447 1613 2491 suo
1627 2429 1708 2510 Sog-

218 2523 244 2583 1.
264 2524 330 2586 'De
353 2515 539 2586 liternrom'
552 2524 659 2588 forms
685 2522 772 2587 hund
799 2523 900 2586 multa
956 2529 1015 2612 gio
1031 2529 1066 2589 di
1081 2529 1200 2608 lt'ngua
1223 2527 1367 2589 Etrusca
1383 2527 1488 2590 'l'onso
1499 2529 1524 2593 1.
1549 2550 1622 2612 pag.
1638 2531 1706 2605 soc,

154 2636 252 2684 crunt
281 2623 494 2692 obseruanda.
540 2627 655 2710 Neque
685 2627 771 2690 enim
795 2627 829 2692 in
850 2626 901 2688 his
960 2626 1053 2692 etin
1091 2648 1169 2692 aere
1200 2645 1388 2711 expressam
1424 2627 1515 2692 dedit
1540 2629 1649 2694 tsbula
1668 2635 1708 2696 11.

152 2721 313 2788 innovare
347 2739 412 2788 teus
453 2725 548 2788 libuit
585 2728 757 2804 Romanis,
806 2749 900 2812 quant
961 2709 1048 2794 niun.
1063 2729 1151 2792 x111.

152 2821 240 2886 istud
267 2824 391 2910 placuit
415 2826 560 2912 Graccis.
602 2826 712 2922 Quare
740 2843 774 2892 et
799 2849 902 2913 peuce
1024 2829 1122 2896 Num.
1145 2848 1176 2896 a.
1198 2829 1291 2891 Hunc
1313 2827 1450 2890 formem
1472 2849 1538 2892 uon
1561 2849 1635 2893 raro
1658 2853 1710 2894 rc·

154 2936 256 2990 erunt
287 2928 455 3013 exempla,
492 2949 574 3014 quse
604 2951 646 2993 ex
676 2931 782 2994 nonnis
810 2931 902 3015 potui
960 2932 1034 3017 peri
1064 2931 1097 2992 in
1131 2929 1241 2995 aeneis
1275 2929 1507 2992 consularibus.
1551 2931 1625 2993 Non
1648 2931 1709 2994 dit·

156 3027 333 3106 conferre,
374 3051 483 3116 neque
511 3031 616 3094 multo
636 3033 730 3116 plura
756 3034 905 3116 reperiet
962 3034 1028 3096 lert
1056 3053 1074 3094 s
1101 3029 1342 3116 praecedente,
1376 3029 1440 3092 nisi
1469 3031 1554 3116 quod
1585 3031 1708 3097 lineols

156 3129 202 3207 is,
226 3131 283 3214 qni
303 3151 419 3196 eorum
438 3152 612 3196 nnmerum
624 3154 746 3218 sugere
763 3155 804 3199 ex
823 3155 906 3199 mas·
963 3131 1070 3197 media
1091 3131 1187 3196 alteri
1221 3131 1326 3195 sdiixs
1347 3129 1437 3193 cruri
1460 3129 1614 3196 deorsum
1636 3153 1709 3199 ver-

157 3231 326 3310 moribus,
355 3249 410 3298 snt
434 3235 652 3299 monumentis
679 3236 790 3300 aeneis
816 3251 907 3302 setu-
965 3235 1024 3321 git.

158 3333 310 3397 utissimis
334 3337 435 3401 solet.
479 3339 553 3402 Non
574 3339 663 3402 enim
688 3338 842 3402 contiuno
860 3338 909 3400 di·
1028 3331 1127 3399 Num.
1150 3329 1180 3398 3.
1220 3335 1258 3396 ln
1288 3333 1430 3398 lineolae
1462 3335 1571 3400 locum
1600 3356 1711 3402 succe·

160 3455 291 3499 serssm
309 3435 428 3501 literae
452 3437 592 3502 formans
619 3439 758 3518 dixero,
787 3439 907 3526 siquis
966 3437 1014 3500 dit
1039 3447 1195 3521 puuctum
1216 3435 1303 3500 inter
1331 3435 1396 3498 duo
1427 3455 1524 3501 crure
1559 3440 1710 3522 positum,

158 3537 272 3602 linese
304 3535 419 3602 ductus
440 3541 605 3626 eliquanto
632 3541 724 3628 plus,
760 3540 907 3607 minusve
967 3537 1023 3626 qni
1048 3535 1165 3600 modus
1192 3557 1259 3600 non
1281 3535 1380 3602 modo
1404 3538 1561 3604 ansnis
1593 3539 1709 3604 altiore

158 3638 363 3723 porrigatur,
377 3641 563 3722 inclinetur,
586 3643 785 3708 incurvetur.
826 3645 910 3706 Pan·
967 3661 1049 3706 reto
1077 3641 1218 3725 placuit,
1255 3653 1292 3702 ut
1317 3638 1431 3704 videre
1455 3651 1506 3704 est
1530 3641 1564 3701 in
1595 3660 1709 3703 eorum

160 3759 201 3804 cs
240 3741 420 3826 specimins
454 3743 556 3810 hebes
589 3746 625 3808 in
660 3745 770 3810 tabule
808 3765 910 3808 aenea
967 3741 1090 3806 sssibns
1113 3739 1354 3818 consularibus,
1385 3741 1463 3826 quin
1487 3755 1521 3806 et
1546 3741 1711 3804 nonnullis

160 3839 279 3926 paullo
308 3843 405 3910 ultius
425 3839 608 3933 proposita,
649 3867 788 3933 quorum
823 3867 911 3909 nnnc
968 3843 1111 3907 denariis
1148 3841 1387 3919 consularibus,
1433 3841 1493 3908 sed
1526 3855 1560 3906 ct
1596 3841 1712 3908 vicinis

160 3942 348 4024 domicilia,
392 3948 426 4010 in
464 3948 581 4037 quibus
620 3948 782 4028 hubitant,
829 3947 911 4009 iudi·
968 3945 1118 4021 Volscis,
1155 3955 1191 4007 nt
1218 3943 1317 4008 docet
1343 3943 1450 4006 tabula
1478 3963 1579 4007 renea
1607 3945 1714 4009 musei

162 4043 260 4110 csbo.
970 4047 1125 4132 Bongiani
1152 4045 1269 4110 abhinc
1295 4065 1395 4110 nnncs
1429 4045 1468 4104 m
1491 4059 1641 4128 reperta,
1682 4060 1716 4110 et

970 4149 1216 4232 inscriptionem
1235 4147 1389 4214 Volscam
1407 4143 1589 4234 continens.

516 4291 547 4354 Δ
1035 4251 1136 4317 Num.
1156 4260 1188 4326 4.
1220 4248 1358 4312 Lincols
1385 4243 1492 4310 medis
1516 4247 1550 4310 in
1575 4249 1715 4312 formum

548 4335 558 4352 ’
972 4375 995 4421 v
1018 4365 1149 4419 curvate
1171 4373 1246 4417 cum
1273 4363 1412 4440 utroquo
1434 4351 1539 4416 istene
1557 4351 1714 4436 jungitur.

231 4451 332 4520 Num.
355 4475 382 4516 ι.
415 4454 529 4520 Exstat
545 4457 579 4518 in
603 4454 709 4519 numis
738 4453 917 4522 conscissi·
973 4455 1100 4521 Obvius
1118 4467 1169 4517 est
1186 4453 1240 4517 hic
1256 4451 1373 4518 modus
1389 4474 1455 4518 non
1474 4453 1573 4518 modo
1589 4455 1623 4514 in
1642 4453 1719 4516 assi·

163 4553 231 4618 sss
255 4555 368 4621 setteis
393 4569 428 4622 et
444 4558 608 4644 argenteis
630 4557 735 4620 musei
752 4555 913 4621 Caesarei.
972 4557 1033 4620 ltus
1054 4555 1296 4637 consularibus,
1327 4553 1387 4619 sed
1410 4555 1507 4622 etism
1524 4556 1619 4640 hujus
1637 4555 1718 4618 clss-

163 4655 368 4722 Coumlsres
396 4672 526 4738 sutem,
560 4673 597 4726 nt
621 4659 715 4738 sliss,
751 4659 916 4724 hocloco
973 4659 1017 4722 sis
1034 4657 1222 4742 argenteis,
1249 4656 1328 4745 quin
1350 4659 1439 4724 etin
1464 4655 1717 4724 densriisdtilii

164 4771 205 4822 et
220 4758 378 4848 deinceps
394 4781 479 4828 seco
499 4782 558 4829 eos
575 4783 710 4841 numos,
739 4763 796 4848 qui
811 4773 916 4828 stsnte
974 4761 1097 4827 Serani.
1592 4781 1596 4792 ·

232 4940 326 5020 (rot
341 4943 400 5024 r.)
1451 4935 1481 5001 ιι
