4180 5484
775 595 1021 710 mentre.

130 763 271 826 crassus
295 761 464 824 laniuntur.

190 863 341 926 Crassum
365 861 535 926 Iunianum
564 876 725 928 memoret
752 865 871 931 Cicero
930 867 1085 930 Murena.

126 963 294 1028 hominem
316 963 377 1026 sibi
399 963 545 1029 deditum
566 963 613 1046 ¹),
644 985 686 1029 ex
713 985 777 1051 quo
805 966 872 1030 col·
991 967 1030 1028 1..
1046 966 1246 1033 MVRENA.
1268 966 1414 1048 BONA,
1437 969 1471 1034 ln
1491 973 1615 1037 usibus
1637 991 1670 1040 et

128 1065 276 1149 ligimus,
304 1065 430 1127 Iunium
450 1062 635 1150 qnempiam
655 1065 689 1128 in
712 1067 872 1132 Licinium
929 1065 1170 1150 quadrantibus.
1193 1068 1228 1140 C.
1262 1111 1277 1156 p

128 1167 320 1227 Crassorum
341 1165 497 1230 similium
519 1167 715 1251 etloptututn.
746 1169 871 1230 Nunsos
1186 1212 1207 1252 ,
1292 1169 1313 1207 ’

127 1265 317 1348 inscriptos:
351 1269 389 1329 P.
413 1267 619 1338 CRASSVS.
644 1269 746 1336 IVNI.
770 1269 870 1331 LEG.
929 1263 1049 1330 Neruo.

128 1367 288 1433 PROPR.
313 1369 377 1450 jum
401 1369 535 1434 recitari
559 1367 593 1430 in
615 1371 722 1432 nurnis
743 1370 872 1434 Metelli
1070 1365 1233 1432 NERVA.
1265 1369 1561 1452 CaputApoiliuis
1584 1377 1671 1439 laur.
1733 1425 1736 1432 ι

130 1469 292 1552 Scipionis
311 1469 416 1552 gentis
435 1467 613 1546 Caeciliae,
639 1469 756 1556 quibus
775 1470 872 1535 doce·
929 1467 967 1530 A.
980 1465 1124 1532 LICINI.
1148 1467 1258 1543 Eques
1278 1473 1392 1550 rapido
1411 1479 1612 1542 cursu..AR,
1629 1479 1669 1542 R,

128 1591 219 1650 mor,
256 1569 406 1632 Crsssntn
437 1570 524 1636 hunc
556 1570 696 1634 Metello
725 1571 872 1655 Scipioni
1069 1569 1233 1636 NERVA.
1257 1569 1397 1640 FIDES.
1443 1573 1549 1654 Caput
1577 1579 1673 1642 Fidei

128 1670 209 1737 belli
233 1669 381 1733 Africani
408 1669 564 1736 adversus
594 1671 768 1734 Caesarem
796 1672 873 1735 duci
1073 1669 1159 1733 laur.

129 1773 272 1854 legatum
298 1785 538 1856 propraetore
567 1771 720 1840 utIInisse.
750 1773 874 1837 Nouel-
930 1769 1264 1844 A.1.101N.,111v1n.
1289 1774 1351 1836 Vir
1365 1773 1549 1853 paludatus
1566 1781 1673 1838 citato

129 1873 192 1934 lius
218 1873 278 1934 lios
300 1891 416 1934 numos
438 1871 488 1935 bis
506 1873 695 1957 proposuit,
721 1873 754 1936 in
773 1886 872 1959 gente
930 1891 1013 1950 equo
1034 1885 1147 1934 motus
1165 1873 1340 1934 barborum
1361 1875 1484 1936 nudum
1505 1887 1539 1938 et
1558 1877 1681 1939 burim.

132 1971 274 2034 Caecilia
298 1983 333 2034 et
356 1973 499 2050 Licinis,
531 1987 564 2036 st
587 1975 772 2058 posteriore
798 1974 875 2038 loco
933 1983 1004 2034 turn
1021 1973 1168 2034 crinibus
1182 1971 1377 2051 prehensum
1391 1977 1641 2058 rapitxARJl.

127 2074 161 2133 in
187 2073 304 2134 horum
324 2091 390 2136 uno
412 2091 475 2156 pro
496 2075 598 2142 IVNI.
622 2073 704 2158 legit
726 2077 812 2143 IVN.
834 2075 874 2142 F.
1073 2073 1235 2140 NERVA.
1262 2071 1402 2135 FIDES.
1444 2075 1552 2160 Caput
1579 2079 1675 2142 Fidei

132 2173 242 2264 Quare
264 2173 510 2258 Horercsmpus
539 2174 718 2259 legendum
745 2187 874 2240 censet:
1075 2175 1159 2234 laur.

130 2276 282 2338 irritant
299 2275 419 2339 Filius.
448 2275 589 2339 cretam
608 2277 731 2359 port...
752 2277 877 2340 noret·
932 2273 1132 2340 surinus,
1157 2271 1301 2338 unvrr.
1324 2273 1362 2334 r.
1398 2275 1497 2337 nu..
1520 2277 1676 2340 aare...
1787 2262 1791 2270 '

130 2375 251 2437 lienum
275 2375 362 2439 huno
385 2397 520 2440 numum
545 2378 580 2440 ist
603 2377 758 2460 judicium
781 2397 877 2442 revo-
927 2375 1065 2454 junctae
1084 2376 1263 2436 caduceum
1280 2377 1455 2440 sustinent.
1478 2379 1548 2440 AR.
1565 2380 1604 2442 Il.

131 2475 286 2553 cendum,
318 2496 457 2562 cumque
487 2478 599 2555 iniis,
626 2497 707 2564 quos
730 2479 785 2542 olii
810 2477 877 2542 edi·
995 2477 1035 2537 A.
1052 2474 1251 2539 LICINIVS.
1269 2473 1431 2543 NERVA.
1448 2475 1601 2542 SILIAN.
1618 2479 1676 2540 III·

131 2576 224 2650 dere,
241 2591 427 2641 constanter
442 2579 571 2664 legetur
584 2579 672 2648 IVN.
691 2580 744 2644 vel
760 2581 876 2656 tritt,
932 2576 1019 2642 VIR.
1033 2576 1074 2642 A.
1089 2576 1129 2639 A.
1143 2577 1183 2641 A.
1199 2575 1238 2640 F.
1251 2576 1291 2642 F.
1316 2579 1353 2639 in
1377 2577 1448 2644 ΔΕ.
1466 2581 1505 2644 II.
1527 2599 1602 2642 cum
1621 2601 1678 2656 pa·

130 2691 167 2742 et
205 2680 277 2762 ipse
316 2679 488 2744 llIorellius
532 2681 657 2756 rurist,
705 2679 784 2743 licet
826 2701 877 2742 sn·
928 2681 1001 2758 pite
1020 2679 1182 2761 Augusti.
1203 2678 1246 2742 R.

131 2779 269 2862 spicari,
292 2781 446 2844 Motellio
468 2780 612 2864 legendo
634 2781 721 2848 IVN.
743 2783 782 2845 F.
804 2781 878 2842 illu·
997 2776 1086 2869 Quid
1107 2780 1235 2842 Nerree
1258 2765 1336 2840 'cnm
1359 2777 1454 2842 Fidei
1475 2777 1598 2864 cipite,
1629 2783 1678 2844 in·

131 2903 204 2942 sum
231 2881 342 2946 fuisse.
382 2883 453 2943 Hos
475 2883 585 2945 Crassi
612 2881 734 2945 Iuniani
763 2879 877 2944 nunios
934 2892 1071 2946 certum.
1114 2882 1208 2962 Typo
1244 2898 1377 2960 eversae
1416 2879 1549 2942 ulterius
1586 2883 1677 2944 numi

133 2981 314 3066 explicatos
342 2982 417 3047 risle
446 2983 479 3044 iu
505 2997 636 3046 monete
657 2983 785 3048 Metelli
810 2983 876 3046 Sci·
935 2980 1106 3064 nutiqnurii
1131 2981 1267 3044 indicari
1294 2994 1429 3044 censent
1455 2981 1495 3045 A.
1516 2981 1677 3044 Licinium

131 3083 250 3166 pionis.
934 3083 1096 3154 Neruam,
1127 3083 1182 3161 qui
1206 3093 1338 3162 praetor
1359 3081 1582 3143 Macedonium
1611 3104 1680 3145 sor-

935 3183 1011 3244 titus
1038 3181 1358 3265 pseudo-Perseum
1382 3175 1444 3264 pe'r
1472 3195 1678 3266 quaestorem

131 3285 261 3348 Macer.
421 3340 422 3343 ,
841 3281 848 3289 ”
936 3305 1028 3348 suurn
1052 3283 1143 3358 vicit,
1170 3303 1212 3344 ex
1233 3302 1370 3365 quornm
1390 3301 1471 3366 ergo
1489 3284 1678 3366 conjecturs

280 3389 430 3448 Protome
446 3387 607 3464 juvenilis
627 3386 761 3450 obverso
784 3399 876 3468 tergo
933 3385 1090 3448 burburus
1112 3383 1165 3446 hic
1190 3383 1334 3448 crinibus
1357 3397 1478 3448 tructus
1500 3383 1601 3450 falsus
1621 3387 1675 3452 hic
1755 3443 1758 3454 .

278 3487 311 3552 d.
328 3486 430 3550 telum
450 3487 626 3550 trisulcum
647 3488 765 3550 vibrat.
933 3488 1076 3551 Perseus
1093 3498 1154 3548 est.
1176 3483 1279 3550 Iidem
1297 3499 1425 3570 putent,
1447 3505 1488 3550 cx
1507 3509 1606 3552 numo
1622 3491 1676 3550 III.

131 3593 169 3656 C.
188 3587 389 3658 LICINIVS.
405 3587 440 3656 C.
459 3589 497 3656 Ii.
513 3587 678 3654 MACER.
706 3589 823 3652 Pallas
841 3593 879 3654 in
935 3589 1078 3654 Nervetn
1108 3606 1205 3672 posse
1238 3586 1370 3672 probari
1395 3589 1437 3652 D.
1462 3589 1556 3650 Bruti
1583 3609 1679 3673 quee-

133 3691 578 3774 citisquudri'gisd.lrastum
589 3693 745 3754 intentat.
759 3691 877 3754 Attrt
935 3706 1077 3769 storum,
1098 3702 1132 3758 et
1149 3691 1253 3752 multo
1271 3689 1493 3764 verisimilius,
1519 3703 1681 3774 permute-

196 3792 265 3854 Pro
282 3803 358 3876 typo
375 3791 516 3868 untione,
538 3789 593 3876 qui
608 3791 799 3874 Apollinem
814 3791 880 3860 Ve·
936 3792 1098 3858 tusluisse
1114 3791 1275 3856 matrices.
1294 3790 1497 3864 Vocubulurn
1508 3791 1680 3868 slullrt„
1815 3835 1821 3848 .

132 3898 243 3976 jovem
263 3893 362 3970 sistit,
377 3894 513 3958 consule
528 3893 613 3956 dicte
630 3891 664 3956 iu
679 3895 785 3956 nemis
802 3913 879 3977 geu·
933 3893 1024 3979 quod
1045 3894 1151 3960 estin
1170 3912 1271 3960 numo
1293 3881 1480 3978 postremo,
1511 3891 1609 3958 docet
1631 3895 1681 3956 si-

130 3997 173 4058 tis
191 3994 326 4060 Caerite
349 4009 384 4058 et
400 3996 569 4062 Fonteiae.
598 3993 788 4063 Verisimile
810 4009 879 4074 est,
935 3997 1016 4062 lium
1036 3995 1178 4080 nliqneru
1198 4017 1219 4064 e
1239 3993 1367 4059 Licinio
1389 3993 1585 4077 adoptatum.
1627 3996 1680 4058 Es

129 4099 304 4180 perticere
322 4097 407 4162 huno
426 4096 595 4162 <leonium
612 4095 653 4160 erl
670 4097 706 4162 C.
720 4101 878 4178 Πιοιιιιιι,
936 4097 1095 4164 sententis
1106 4099 1200 4183 hujus
1212 4095 1303 4160 numi
1313 4097 1462 4166 Velleius
1481 4116 1611 4184 quoque
1627 4093 1677 4178 11)ι

132 4200 190 4282 qui
232 4211 383 4282 praetore
423 4199 584 4266 Cicerone
624 4198 880 4282 repetundorum
936 4213 969 4267 u!
990 4201 1039 4266 A.
1057 4201 1213 4266 Licinius
1227 4197 1343 4266 Neruo
1365 4201 1517 4266 Siliunus
1542 4201 1580 4265 P.
1601 4197 1682 4260 SiIIi

131 4321 213 4364 reus
252 4299 401 4366 omnibus
441 4301 603 4386 suffragiis
636 4299 802 4366 damnatus
834 4303 880 4368 ri·
925 4297 1045 4385 filius,
1070 4319 1164 4380 quem
1188 4303 1296 4364 virum
1316 4315 1396 4378 etc,
1422 4299 1478 4386 qui
1498 4301 1680 4386 imperante

130 4401 232 4464 vendi
253 4401 324 4484 ipse
345 4401 444 4466 linem
469 4403 558 4469 lecit.
594 4401 680 4470 Vide
706 4403 777 4486 ejus
803 4402 879 4468 ucri
935 4401 1085 4488 Auguste
1109 4401 1143 4466 in
1167 4403 1260 4473 bullo
1282 4402 1464 4470 Delmatico
1489 4417 1622 4470 strenue
1645 4417 1680 4464 se

132 4513 238 4564 testes
257 4500 340 4585 sputl
359 4505 630 4592 Hnrercumpnm.
903 4579 912 4598 ·
935 4505 1050 4588 gessit.

170 4803 202 4870 s)
222 4799 270 4856 Ad
286 4800 404 4860 fratrem
423 4803 453 4862 1..
463 4802 513 4865 III.
530 4825 574 4884 cp.
584 4817 610 4870 8.
685 4805 721 4878 b>
742 4806 773 4865 I..
785 4807 820 4882 II.
838 4823 863 4864 c.
878 4809 937 4870 116·

200 4911 293 4989 (rol.
312 4913 368 4991 7.)
