4254 5494
778 559 1096 640 POMPONIA.

732 943 1149 1022 POMPONIA.

225 1141 317 1208 Gens
338 1139 484 1230 plebeis.
526 1131 728 1226 Cognomina
748 1139 784 1204 in
803 1141 910 1207 numis
968 1151 1064 1206 stans
1084 1161 1158 1204 cum
1177 1140 1340 1206 attributo
1358 1141 1596 1226 suimuuesis,
1631 1153 1719 1232 quod

161 1243 338 1308 Romanis:
369 1245 485 1320 Molo,
508 1243 631 1321 Musa,
656 1243 784 1326 Rufus,
805 1243 912 1311 inex·
967 1245 1004 1306 in
1021 1243 1166 1325 siugulis
1181 1245 1305 1310 uariat.
1327 1243 1397 1306 AB.
1418 1243 1454 1305 C.

160 1345 286 1423 ternis,
308 1345 452 1423 Bassus,
467 1345 619 1410 Maccus.
1029 1343 1219 1406 Dubitatum
1243 1367 1261 1407 s
1284 1343 1469 1420 nonnullis,
1504 1356 1611 1406 utrum
1635 1347 1715 1415 MV·

526 1445 545 1480 ⁸
968 1443 1053 1507 SA
1043 1465 1078 1507 ιιι
1097 1443 1147 1509 his
1173 1445 1316 1510 denariis
1333 1461 1518 1527 cognomen
1541 1445 1717 1531 Pomponii

306 1545 754 1620 1..P0t11’0N.m01.0.
800 1546 908 1630 Caput
965 1545 1106 1624 indicet,
1134 1567 1174 1609 uu
1201 1545 1355 1630 eclipses
1378 1545 1413 1606 in
1443 1543 1509 1608 illis
1533 1548 1717 1631 propositas

306 1651 702 1732 Apollinislaureatum.
776 1689 782 1698 -
967 1650 1096 1722 Musas,
1132 1659 1170 1710 ut
1203 1645 1401 1710 habemus'
1391 1669 1425 1709 sn
1458 1649 1565 1712 numia
1589 1650 1714 1714 Aciliae

163 1749 501 1820 NVMA.POMP1L.
534 1747 647 1815 Numa
663 1772 690 1812 s.
715 1751 838 1812 lituum
864 1761 911 1812 tr·
967 1747 1193 1814 vamuuvuo
1230 1749 1387 1832 scriptum
1423 1747 1512 1830 juxto
1549 1751 1715 1817 Valetudi-

162 1873 244 1915 nens
258 1865 329 1916 stat
343 1865 422 1915 unte
436 1851 756 1928 arumlueulentam‚
774 1853 909 1914 carnilla
968 1867 1044 1910 nem
1074 1861 1232 1925 stantem,
1255 1849 1297 1912 sit
1321 1849 1543 1912 referendum.
1587 1851 1713 1916 Verum

162 1973 298 2036 caprum
315 1955 518 2016 admovente.
540 1951 610 2016 AR.
627 1951 699 2016 ΒΗ.
967 1962 1035 2012 tota
1064 1949 1244 2032 scripturae
1283 1949 1367 2012 ratio
1405 1951 1481 2014 satis
1511 1953 1715 2034 comprobat,

225 2053 379 2118 Melanos
400 2053 434 2114 in
457 2051 592 2117 historia
612 2053 653 2116 R.
676 2051 791 2135 ignoti.
823 2051 911 2116 Gen·
968 2071 1042 2115 esce
1066 2049 1244 2134 putandum
1270 2071 1465 2134 cognomen.
1506 2053 1717 2139 Nequaquam

164 2168 232 2218 rem
259 2153 473 2238 Pomponiam
510 2153 551 2216 ad
580 2154 718 2216 Numam
755 2155 909 2218 retulisse
969 2151 1083 2229 obest,
1124 2151 1250 2215 nullum
1285 2175 1303 2215 a
1333 2153 1500 2220 veteribus
1538 2158 1716 2219 memorari

164 2274 286 2336 genus,
316 2253 473 2318 disertum
499 2265 620 2318 testem
644 2253 801 2320 babemus
821 2257 911 2319 Plut-
969 2253 1185 2337 Pomponium
1205 2257 1352 2332 Musam,
1381 2277 1456 2318 nam
1485 2276 1592 2342 neque
1619 2259 1716 2320 Porn-

162 2354 302 2420 orclrum
333 2355 383 2435 (in
413 2355 518 2418 Numa
546 2375 578 2438 p.
592 2355 672 2438 73.).
718 2355 799 2419 Cum
822 2357 910 2420 cuim
967 2355 1100 2440 ponium
1132 2355 1321 2434 Molonem,
1354 2369 1389 2419 ut
1421 2356 1578 2436 diximus,
1616 2358 1715 2423 habe·

164 2467 368 2532 cremasset,
389 2454 491 2522 fuisse
510 2457 635 2520 Numae
656 2457 743 2521 lilics'
760 2473 909 2544 quatuor,
966 2478 1048 2520 mur.
1091 2457 1135 2521 Et
1155 2457 1218 2520 luit
1245 2477 1319 2521 enm
1360 2458 1423 2521 hoc
1446 2461 1560 2524 Musae
1590 2481 1712 2544 cogno·

162 2555 386 2639 Pomponem,
426 2557 562 2636 Pinum,
599 2557 737 2643 Calpnm
777 2573 812 2622 et
842 2561 911 2622 Ma·
969 2559 1057 2622 mine
1083 2557 1262 2638 Antonius,
1291 2573 1388 2626 notus
1415 2563 1540 2626 Romae
1570 2561 1630 2626 sub
1651 2565 1715 2624 Au·

165 2677 335 2737 mercum,
360 2657 483 2722 subdit:
532 2656 608 2721 iesus
631 2680 698 2746 spu<
721 2657 779 2722 aissa
804 2681 857 2742 μιν
873 2681 910 2724 τι
970 2673 1065 2744 gusto
1082 2659 1240 2727 medicus.

165 2753 607 2844 ΠιμπωιοςτιςΠιμπωιιις,
623 2763 910 2844 aPampcnsenim
1032 2761 1370 2827 Offerunthidenarii
1385 2763 1525 2848 primum
1534 2765 1716 2830 Herculem
1761 2767 1763 2776 ⁴

163 2863 313 2926 deriuari
328 2865 535 2944 Pomponius.
562 2861 643 2948 Ejus
659 2881 754 2926 causa
772 2860 805 2923 in
817 2882 910 2926 urer-
967 2865 1150 2940 Musarum,
1182 2863 1260 2926 dein
1281 2867 1388 2947 ipsum
1419 2887 1531 2929 earum
1562 2867 1713 2933 chorum.

163 2984 195 3026 ιι
235 2962 432 3048 proponitur
461 2964 567 3028 Numa
607 2974 784 3046 occupatos
815 2981 909 3026 sacro
967 2963 1083 3028 Fuisse
1107 2965 1233 3026 Romae
1255 2965 1414 3048 templum
1429 2965 1585 3030 Herculis
1607 2970 1714 3032 Musa·

163 3084 318 3142 mnnere,
348 3065 441 3148 cujus
471 3065 542 3148 ipse
572 3063 768 3148 praecipuus
795 3075 910 3126 auctor
966 3085 1060 3142 rum,
1089 3083 1148 3127 seu
1165 3067 1375 3149 Musugetae,
1404 3079 1535 3130 actores
1557 3067 1712 3132 docuere.

160 3165 294 3231 exetitit.
341 3165 470 3229 Eodem
504 3163 602 3228 titulo
632 3163 799 3248 Calpurnii
830 3181 910 3250 quo·
966 3163 1212 3229 Liberalissime
1228 3164 1271 3228 de
1291 3165 1355 3230 hoc
1375 3167 1555 3232 Eumenius
1572 3171 1621 3252 n):
1646 3175 1716 3232 Ae·

162 3287 248 3352 que,
280 3267 374 3350 Calpi
401 3281 557 3352 nepotes,
590 3279 625 3332 ct
649 3265 766 3330 Marcii
789 3265 910 3332 Censo-
968 3270 1042 3332 dem
1057 3267 1216 3331 Herculis
1231 3267 1409 3332 Musarum
1426 3275 1462 3334 iu
1484 3273 1572 3336 cirac
1590 3273 1716 3336 Flami·

161 3369 227 3432 rini
242 3369 382 3434 Numam
406 3367 549 3436 dcumiis
574 3367 737 3448 intulero,
766 3382 802 3434 ut
829 3367 911 3438 sidi-
966 3373 1023 3434 nia
1038 3367 1177 3432 Fuluius
1191 3369 1251 3432 ille
1260 3367 1416 3435 Nobilior
1430 3393 1475 3438 ea
1483 3377 1627 3458 pecunia
1641 3393 1714 3437 asn-

163 3473 245 3536 mus'.
947 3471 1177 3556 ‘soriafccih
1190 3502 1204 3520 ·
1219 3473 1359 3552 quadiu
1378 3471 1522 3538 Graecia
1537 3487 1711 3540 sumerset

968 3575 1163 3658 imperator,
1179 3586 1350 3656 acceperat
1364 3575 1540 3638 Herculem
1555 3575 1715 3659 Musago-

164 3675 281 3742 Musa.
488 3713 493 3718 -
967 3687 1024 3738 ten
1035 3694 1121 3750 esse,
1139 3675 1177 3737 id
1187 3686 1256 3738 est.-
1277 3677 1430 3738 comitem
1447 3675 1625 3756 ducemque
1634 3677 1712 3738 Mu·

306 3771 349 3870 Q.
372 3771 588 3842 POMPONI.
619 3771 754 3845 MVSA.
802 3773 910 3857 Caput
966 3793 1090 3852 sarum,
1102 3775 1252 3855 idemque
1260 3778 1390 3858 primus
1402 3797 1517 3842 nouem
1529 3779 1639 3860 signa,
1653 3777 1716 3838 lace

303 3879 452 3960 juvenile
497 3878 723 3940 &ademarum
761 3875 910 3940 crinibus
967 3888 1035 3938 est:
1072 3877 1220 3941 omnium
1252 3875 1473 3940 Camenarum
1500 3897 1544 3942 ea
1568 3878 1715 3942 Ambra·

303 3999 364 4060 per
379 3981 552 4042 cincinnos
565 3978 831 4062 dependentibus.
968 3977 1074 4040 aiensi
1088 3978 1207 4062 oppida
1221 3979 1390 4042 translata
1405 3979 1466 4042 sub
1482 3977 1715 4062 tutelasortis·

163 4077 411 4148 HERCVLES.
458 4078 690 4148 MVSARVM.
750 4077 913 4143 Hercules
968 4079 1049 4142 simi
1074 4081 1222 4146 numinis
1249 4081 1474 4158 consecrauit,
1506 4093 1545 4144 ut
1570 4103 1624 4145 res
1649 4095 1710 4158 cst,

166 4195 261 4246 stans
279 4201 354 4246 cum
371 4181 549 4246 attributis
566 4179 643 4264 lyra
659 4183 765 4248 canit.
785 4179 909 4248 ANB.
968 4183 1049 4262 quia
1072 4184 1200 4246 mutuis
1222 4179 1339 4263 opibus
1367 4191 1401 4244 et
1421 4185 1583 4264 praemiis
1600 4183 1716 4262 juvari

308 4281 416 4364 Caput
430 4281 590 4344 muliebre
606 4281 811 4358 laureatum,
825 4299 912 4365 pane
969 4283 1149 4362 ornarique
1163 4281 1334 4357 deberem,
1354 4279 1531 4346 Musarum
1543 4287 1642 4364 'quies
1663 4285 1716 4347 de·

305 4387 402 4446 uaria
418 4387 552 4448 minuta
564 4383 699 4467 sigilla,
956 4383 1117 4467 finsiane
1130 4381 1301 4460 Herculis,
1318 4393 1354 4446 et
1369 4383 1476 4447 uirtus
1490 4383 1647 4450 Herculis
1661 4405 1716 4449 uo·

168 4481 595 4580 Q.P0tl1³0N1.uvsa.
637 4483 819 4548 Musarum
841 4503 909 4549 una
936 4559 939 4581 Ι
965 4505 1003 4548 ce
1019 4483 1207 4553 Musarum.
1243 4485 1463 4552 Transvectao
1495 4497 1570 4550 sunt
1587 4486 1649 4553 use
1674 4487 1715 4552 ab

204 4805 233 4870 a)
256 4800 339 4858 Oret.
356 4816 412 4876 pro
430 4805 555 4856 restaur.
571 4797 668 4858 schol.
685 4816 710 4858 c.
722 4809 749 4860 l.
