4254 5494
422 555 495 656 286
635 671 638 678 Ι
1080 552 1312 630 PORCIA.

429 741 466 805 C.
484 729 615 801 CATO·
663 730 819 796 Victoria
843 731 880 794 in
903 727 983 792 citis
1004 727 1111 811 ligia,
1133 727 1171 789 in
1227 723 1392 786 Panormo
1414 717 1545 784 Siciliae
1574 719 1761 796 tribuimus,
1793 733 1829 784 nt
1855 721 1891 784 in
1913 723 1975 788 hac
2105 743 2106 796 t

431 829 815 912 nuenarianam.
1229 825 1362 888 dictum.
1399 825 1482 886 Item
1503 821 1538 888 S.
1558 821 1689 887 CATO.
1706 825 1774 889 PR.
1799 824 1852 890 tel
1870 822 1977 890 PRO.

571 938 617 999 Μ.
633 931 779 1007 CATO„
809 932 925 994 addita
946 934 982 992 in
1002 925 1172 992 nonnullis
1230 927 1326 992 COS.
1346 925 1380 988 in
1397 924 1595 1008 Cyrenaicis.

568 1035 673 1100 PRO.
691 1035 762 1099 PR.
788 1030 896 1112 Caput
914 1029 1074 1093 muliebre
1086 1047 1173 1111 pone

434 1156 453 1208 .’
569 1135 718 1212 ROMA,
739 1135 777 1196 in
796 1129 1138 1196 nonnullissinelaoc.
1494 1155 1514 1196 a
1597 1109 1617 1152 ⁶
1700 1157 1721 1196 4

426 1243 621 1315 vlcrmx.
659 1237 813 1302 Victoria
836 1234 952 1296 sedens
974 1232 1005 1295 d.
1021 1242 1176 1313 pateram
1233 1229 1355 1295 Laeca.

423 1347 614 1430 protendit,
639 1363 666 1402 s.
682 1339 816 1422 palmae
829 1353 975 1408 ramum,
997 1335 1034 1394 in
1054 1332 1176 1413 aliqui·
1374 1329 1532 1397 LAECA.
1551 1329 1658 1414 Caput
1671 1331 1977 1414 natumnatum,
2108 1376 2109 1402 .

429 1448 490 1510 aas
504 1449 599 1510 intra
618 1439 722 1502 sellae
748 1435 867 1518 sulcra
886 1433 951 1497 ST.
975 1433 1045 1496 AR.
1064 1433 1102 1498 C.
1370 1433 1473 1510 juata
1487 1433 1528 1494 X.
1748 1493 1751 1504 ,

567 1543 614 1604 Μ.
635 1536 774 1613 CATO,
803 1535 919 1598 addito
941 1536 977 1596 in
998 1533 1171 1598 nonnullis
1231 1535 1278 1599 Μ.
1294 1529 1426 1598 PORC.
1461 1535 1590 1598 Mulier
1605 1537 1643 1599 in
1661 1536 1931 1618 citisouadrigir
1947 1538 1978 1604 d,

565 1640 668 1705 PRO.
694 1639 762 1702 PR.
801 1648 863 1698 out
882 1654 945 1718 pro
968 1633 1032 1694 laoc
1060 1634 1171 1696 literis
1225 1635 1529 1720 murmurarint,
1559 1647 1592 1698 et
1609 1639 1651 1700 ab
1667 1637 1845 1700 advolante
1865 1638 1980 1702 Victo·
2109 1648 2110 1664 ¹

568 1742 739 1826 olpltabeti
749 1739 885 1812 Latini,
902 1737 1014 1797 rarius
1036 1732 1170 1811 Graeci,
1229 1739 1282 1800 ria
1299 1747 1490 1798 coronatur.
1511 1737 1582 1802 AR.
1603 1737 1640 1801 C.

567 1844 624 1908 vel
635 1842 777 1906 minutis
791 1836 930 1920 sigillis.
962 1834 1069 1917 Caput
1081 1835 1174 1914 juve·
1371 1837 1410 1902 P.
1424 1837 1583 1904 LAECA.
1610 1838 1718 1921 Caput
1734 1839 1888 1902 Palladis
1910 1839 1980 1904 ala·

568 1946 638 2009 nile
652 1944 773 2008 hedera
791 1939 994 2002 redimitum.
1375 1951 1465 2017 tum,
1485 1943 1521 2003 in
1540 1960 1619 2003 orco
1632 1939 1663 2001 X
1677 1953 1710 2004 et
1726 1939 1869 2004 ROMA.

430 2049 557 2113 Eadem
572 2065 698 2109 auerso.
720 2041 819 2135 Quin.
833 2039 869 2103 C.
1232 2037 1459 2106 PROVOCO.
1485 2044 1547 2104 Vir
1558 2041 1742 2122 paludatus
1758 2051 1854 2104 stans
1867 2041 1981 2102 deute·
2086 2039 2094 2052 “

494 2146 676 2212 Danuuium
695 2147 720 2208 1.
737 2141 820 2204 nihil
835 2137 898 2202 nisi
915 2135 1045 2223 longina
1059 2157 1176 2207 aerum
1233 2161 1305 2204 rom
1327 2143 1469 2224 imponit
1484 2146 1590 2223 cupiti
1604 2144 1770 2206 adstantis
1788 2144 1873 2205 ciuis
1887 2153 1980 2223 toga·

431 2247 648 2318 commendat.
698 2241 836 2310 Denarii
877 2253 912 2302 et
949 2241 1089 2324 quinarii
1125 2261 1177 2304 se·
1234 2246 1279 2320 ti,
1296 2243 1394 2306 illino
1407 2255 1503 2305 stans
1514 2243 1615 2304 lictor
1630 2223 1703 2305 cum
1720 2245 1835 2325 uirgis.
1854 2242 1977 2324 altu.

428 2364 566 2438 quantes
596 2363 632 2413 ut
664 2346 753 2410 idem
782 2342 902 2406 habent
931 2355 1175 2428 argumentum,
1296 2343 1435 2428 Insignis
1457 2341 1609 2407 denarius
1636 2345 1720 2407 alter
1748 2356 1883 2410 revocat
1909 2362 1980 2408 me·

427 2453 472 2518 ita
509 2464 543 2516 ct
577 2449 720 2515 eundem
754 2458 936 2522 auctorem,
978 2456 1013 2506 et
1043 2443 1176 2528 quidem
1232 2447 1372 2510 m'orium
1395 2446 1478 2528 legis
1511 2445 1650 2509 Porciae
1677 2444 1718 2508 sle
1739 2443 1975 2529 provocatione

425 2556 473 2618 Μ.
501 2554 656 2616 Porcium
704 2551 861 2614 Catonem
891 2545 1102 2622 Vticensem,
1140 2557 1177 2606 ut
1234 2549 1317 2612 latae
1336 2563 1508 2631 protergo
1527 2547 1665 2624 civium,
1691 2567 1753 2632 qua
1771 2547 1879 2630 gravis
1898 2565 1977 2629 poe·

427 2653 581 2738 plerique
615 2651 816 2724 existimant,
844 2665 1025 2729 quanquam
1052 2666 1093 2709 eo
1117 2642 1176 2716 ‹lil-
1234 2671 1275 2712 na
1293 2649 1514 2732 irrogabatur,
1537 2649 1566 2712 si
1585 2648 1657 2732 quis
1674 2649 1900 2725 verberasset,
1923 2667 1978 2710 ne·

347 2759 353 2770 '
430 2757 560 2830 serunt,
583 2751 935 2838 quodaliipercuseos
954 2759 1068 2830 putant
1090 2759 1175 2824 tum,
1233 2765 1379 2816 cassetve
1412 2752 1519 2817 civem
1549 2751 1748 2828 Romanum,
1784 2769 1821 2818 ut
1850 2756 1895 2818 ait
1925 2755 1979 2816 Li.

430 2875 504 2920 cum
524 2853 564 2919 ad
589 2850 787 2938 redigendas
803 2847 985 2912 Ptolemaei
1009 2867 1089 2932 opes
1114 2867 1176 2931 pro
1232 2854 1304 2920 aius
1327 2849 1371 2935 ¹³).
1413 2852 1494 2936 Ejus
1519 2872 1618 2935 saepe
1640 2853 1822 2920 meminere
1846 2857 1978 2932 Cicero,

431 2968 587 3044 praetore
618 2955 654 3017 iu
681 2955 824 3040 Cyprum
852 2951 969 3014 missus
1000 2963 1069 3027 eet,
1099 2949 1176 3026 alii,
1233 2953 1365 3039 aliique.
1408 2954 1439 3016 A
1463 2973 1527 3039 quo
1550 2967 1660 3017 tamen
1684 2956 1804 3022 Porcio
1835 2958 1900 3022 lata
1926 2959 1979 3032 ait,

432 3057 653 3127 tumbellam
681 3055 715 3119 in
742 3055 854 3120 Africa
882 3053 1039 3121 adversus
1063 3051 1177 3115 Caesa·
1233 3057 1414 3140 ignoratur.
1456 3056 1550 3139 Lege
1578 3054 1731 3139 Pighium
1763 3058 1805 3124 dc
1836 3081 1876 3124 ea
1905 3059 1978 3123 luae

433 3185 506 3228 rem
529 3162 612 3252 duce
635 3157 790 3242 Scipione
814 3169 999 3242 gereretur.
1036 3156 1105 3218 Res
1128 3154 1177 3215 in·
1233 3159 1450 3222 disserentem
1474 3160 1513 3239 ο).
1545 3155 1598 3218 Ad
1620 3178 1691 3222 eam
1714 3159 1825 3246 legem
1847 3159 1979 3232 videtur

431 3279 534 3330 certa.
594 3263 839 3342 Havercampus
872 3258 1042 3341 utriusque
1075 3256 1176 3340 partia
1235 3260 1392 3324 adludere
1423 3257 1543 3322 mulier
1569 3257 1696 3324 denarii
1725 3263 1868 3346 prioris,
1897 3283 1980 3348 quae

431 3363 636 3450 epigraphen
655 3360 842 3442 conjungit,
869 3359 917 3422 sic
940 3371 976 3420 ut
998 3357 1177 3442 legendnm
1235 3363 1359 3446 pileum
1375 3360 1535 3425 libertatis
1553 3374 1704 3426 ostentat.
1817 3383 1820 3390 ·

434 3468 492 3532 sit:
512 3464 654 3528 Roma,
671 3459 861 3530 vlcrfflx.
891 3459 1011 3527 Verius
1030 3457 1177 3535 videtur,

434 3567 525 3655 qnod
555 3565 706 3652 opinatur
734 3561 888 3638 Vrsinus,
925 3579 944 3621 a
973 3559 1095 3626 Catone
1125 3583 1178 3626 re·
1494 3595 1513 3634 s
1597 3545 1617 3586 ⁴
1700 3595 1720 3630 a

432 3669 549 3737 novari
564 3679 658 3734 retus
680 3663 786 3751 gentis
805 3683 881 3727 suae
902 3659 1003 3726 decus
1023 3677 1177 3729 narrante
1236 3669 1387 3734 Licinus.

431 3772 530 3840 Livio
558 3769 600 3835 ad
626 3789 745 3834 annum
772 3767 814 3836 V.
838 3765 874 3830 C.
891 3763 951 3829 5⁶1
971 3765 1020 3846 ⁸)t
1054 3767 1177 3830 Iisdem
1375 3765 1679 3834 1..t³0nct.1.1ct
1705 3766 1815 3851 Caput
1827 3767 1985 3836 Palladis

431 3877 547 3942 diebus
559 3871 746 3936 aediculam
757 3871 930 3934 Victoriae
945 3868 1089 3948 virginis
1101 3886 1178 3948 pro·
1326 3931 1329 3937 ,
1376 3873 1522 3947 alatum,
1538 3890 1624 3952 pone
1642 3870 1683 3936 X.

428 3977 603 4062 praedem
624 3975 795 4039 Victoriae
809 3967 1010 4036 M.Porcius
1025 3963 1109 4032 Coto
1125 3969 1179 4032 de·
1233 3973 1273 4039 1..
1293 3964 1375 4039 [alc.
1393 3973 1459 4038 CN.
1475 3969 1587 4036 DOM.
1624 3973 1726 4036 Mors
1750 3975 1859 4036 nudus
1878 3977 1915 4037 in
1938 3979 1985 4038 ci·

433 4081 571 4146 dicarit.
1235 4079 1281 4140 tis
1302 4077 1390 4160 bigis
1418 4077 1449 4140 d.
1471 4075 1603 4137 lostam
1632 4077 1821 4154 intorquet,
1858 4099 1885 4140 s.
1915 4077 1985 4160 cly-

795 4237 815 4277 ·
898 4283 918 4320 ·
1229 4171 1525 4346 peurp,dctlituu'ns
1538 4173 1729 4340 mplitoppm.
1748 4177 1810 4240 Eat
1824 4191 1983 4244 serratus.

692 4289 712 4328 ⁶
1333 4277 1405 4352 ie,
1448 4294 1531 4360 quae
1590 4293 1609 4338 e
1691 4275 1789 4342 uariis
1821 4277 1983 4345 similibus

497 4381 617 4450 ct'ro
633 4379 825 4464 inscriptum
839 4375 946 4442 numia
960 4376 1080 4454 aeneis,
1096 4397 1178 4463 qnos
1238 4377 1306 4440 dixi
1324 4379 1470 4462 ingente
1489 4375 1659 4442 Cosconia.

466 4811 497 4882 a)
517 4806 549 4868 1..
565 4803 679 4866 mv.
697 4821 722 4863 e.
732 4815 760 4878 9.
833 4799 869 4874 ts)
889 4801 921 4858 1..
932 4799 967 4859 Χ.
982 4815 1044 4876 c.9.
1122 4803 1164 4876 c).
1180 4799 1265 4860 Tam.
1276 4797 1311 4858 ll·
1324 4805 1429 4876 p-iii.
