4180 5484
574 575 881 702 consuetu.
920 586 1265 664 cuus‘ustuts.
1623 539 1734 690 tot·⁸

128 771 205 816 suen
240 750 357 814 horum
394 753 522 822 lubrice
555 773 749 833 nemorum,
791 757 876 842 typi,
937 758 964 822 si
983 758 1016 820 in
1041 759 1141 822 seriis
1162 757 1212 821 his
1237 758 1345 822 uumis
1371 760 1614 844 expendentes,
1642 763 1686 827 ul·

130 855 301 920 literarum
317 853 423 919 formu
445 867 480 920 st
496 857 636 942 positio,
669 857 751 924 hsee
771 859 878 924 omnis
936 859 999 924 tius
1014 857 1101 923 hsud
1124 857 1224 924 dubie
1245 881 1360 927 serum
1378 861 1524 947 exigunt.

685 1173 1130 1254 COSSVTIA.

192 1363 336 1428 Gentem
351 1365 450 1432 luisse
465 1383 649 1454 equestrem
663 1371 822 1434 docemus
833 1390 875 1434 ex
932 1383 1047 1436 vectus
1058 1374 1191 1436 lestans
1209 1373 1386 1450 intorquet,
1403 1374 1440 1433 in
1454 1389 1534 1434 uren
1551 1378 1682 1437 varien-

125 1466 288 1530 Suetonio
304 1470 352 1550 ¹),
379 1471 573 1554 cognomina
590 1473 623 1536 iu
640 1474 765 1538 numius
797 1475 876 1538 Ma·
933 1483 984 1534 tes
1002 1485 1103 1536 notae
1122 1475 1364 1536 arithmeticae.
1395 1472 1465 1533 stt.
1484 1472 1521 1536 C.

53 1637 59 1650 ι
125 1567 299 1648 ridiisnus,
322 1583 356 1634 et
379 1573 537 1636 Satan·
996 1573 1078 1634 Cum
1098 1575 1234 1638 Medusa
1268 1573 1331 1636 site
1352 1573 1562 1657 componitur
1580 1575 1684 1656 Pege·

388 1719 407 1758 „
492 1673 511 1711 '⁵
596 1723 614 1760 0,
932 1691 1005 1749 sus,
1036 1695 1133 1758 quem
1154 1697 1196 1738 ex
1221 1677 1291 1758 ojus
1314 1673 1603 1758 defluosenguine
1628 1696 1681 1738 ns-

130 1775 355 1836 stlaridianus.
701 1785 705 1794 '
932 1786 1001 1836 tum
1026 1773 1190 1838 fabulatur
1211 1774 1376 1838 Hesiodus
1399 1771 1442 1856 1>).
1487 1777 1682 1840 Existimant

118 1875 163 1936 C.
191 1873 477 1942 mumtsnvs.
510 1880 545 1940 t'n
577 1877 676 1941 eliis:
714 1879 750 1944 C,
776 1879 875 1944 cos·
932 1873 1069 1952 eruditi,
1097 1873 1171 1940 essu
1191 1875 1418 1959 Bellerophon
1436 1877 1478 1938 sit
1496 1880 1682 1942 Corinthio·

128 1975 654 2046 svulv8.sssn1u1suv8.s.
670 1979 709 2045 Α.
726 1983 763 2046 Α.
779 1983 816 2048 F.
833 1979 873 2047 F.
931 1997 1005 2038 rum
1040 1994 1267 2061 argumentum
1300 1991 1413 2040 notum
1444 1978 1588 2062 signatos
1618 1979 1679 2044 hos

127 2099 202 2140 cuns
218 2084 328 2160 eapite
344 2078 376 2144 Ι.
395 2079 550 2144 Caesaris
565 2085 602 2144 in
616 2085 740 2145 untiea.
931 2075 1084 2141 denarios
1116 2101 1211 2144 cansa
1240 2079 1409 2155 Corinthi,
1439 2101 1534 2164 quem
1570 2083 1612 2146 V.
1640 2083 1679 2146 C.

191 2179 260 2246 AR.
278 2179 315 2244 C.
927 2199 1003 2262 7¹0·
1039 2183 1063 2245 1.
1082 2183 1202 2245 Caesar
1219 2179 1455 2246 restituendum
1479 2183 1618 2258 casuris,
1644 2197 1679 2246 et

930 2281 1093 2345 colonium
1112 2282 1258 2348 deduxit.
1291 2283 1418 2350 Verum
1436 2304 1475 2346 sn
1492 2283 1586 2366 hujus
1606 2287 1678 2350 sevi

130 2383 268 2447 Subula.
930 2381 1075 2446 denariis
1104 2385 1209 2448 sdhuo
1238 2397 1335 2448 notus
1371 2385 1595 2451 sn'thmeticae
1628 2387 1678 2448 in·

269 2481 454 2550 SABVLA.
494 2485 602 2566 Caput
621 2487 785 2550 Medusae
804 2487 875 2548 diu·
929 2483 1029 2568 scribi
1045 2499 1119 2548 sunt
1135 2485 1273 2548 solitae?
1295 2485 1446 2551 Aetatem
1464 2501 1555 2550 certe
1569 2509 1678 2552 remo·

265 2585 442 2649 densatum·
454 2573 582 2650 iteruin
604 2589 810 2672 serpentibus
825 2607 874 2652 re·
928 2584 1048 2648 tiosem
1066 2586 1127 2649 sihi
1145 2587 1327 2670 postulunt,
1350 2602 1384 2653 et
1401 2589 1588 2675 ignoremus
1603 2611 1676 2656 esu·

269 2689 426 2748 virectum.
451 2695 458 2702 “
929 2707 997 2752 sum
1016 2689 1095 2753 lecti
1115 2688 1211 2775 hujus
1226 2689 1305 2775 typi.

123 2787 371 2854 LCOSSVTI.
387 2789 425 2855 C.
442 2789 482 2856 F.
507 2791 728 2874 Bellerophon
748 2789 872 2874 Pegaso

532 3033 537 3044 ’
653 3083 1155 3166 nauseasse

186 3281 279 3348 Gens
317 3283 476 3370 equestris
511 3295 597 3349 teste
636 3284 800 3348 Cicerone
823 3284 868 3362 0).
926 3283 963 3343 in
981 3281 1070 3364 bigis
1084 3281 1384 3364 hippocamparuns,
1407 3285 1444 3346 in
1465 3301 1544 3346 urea
1561 3287 1674 3350 cadens

121 3387 319 3470 Cognomen
339 3387 373 3448 in
394 3388 500 3450 nnmis
518 3389 639 3451 liaeus.
670 3385 725 3448 Sic
747 3383 869 3447 dietum
926 3381 1039 3460 litera,
1052 3403 1143 3464 uuae
1156 3387 1193 3448 in
1206 3389 1331 3449 antica.
1355 3385 1437 3448 Sunt
1451 3387 1578 3451 serrati.
1599 3389 1671 3453 th.

124 3485 429 3572 Vsillsntius'pstst
449 3512 467 3551 s
485 3509 599 3565 reeca,
627 3507 710 3572 quse
731 3507 812 3562 sos,
833 3499 870 3549 ut
989 3483 1026 3546 Si
1055 3485 1147 3550 loxos
1174 3487 1391 3573 Huvesosnspi
1420 3489 1454 3550 in
1481 3491 1671 3554 Moseltiuns

122 3591 184 3667 ait,
216 3589 375 3672 Culepino
407 3591 515 3654 calum
541 3603 642 3656 notat.
690 3587 868 3672 Amplexus
925 3589 1178 3652 commentarios
1232 3591 1425 3674 persolues,
1478 3591 1670 3668 miraberis,

121 3707 174 3758 est
199 3691 419 3776 conjecturem
445 3693 709 3776 Hsvercumpus‚
740 3704 774 3755 et
794 3711 869 3775 pro-
925 3687 1190 3774 insignissimus
1220 3693 1415 3784 eruditionis
1437 3692 1581 3775 potuisse
1604 3711 1672 3756 ssu-

119 3793 225 3858 mosit
254 3793 352 3858 etism
378 3815 449 3856 num
475 3791 551 3855 inde
579 3807 726 3856 nostrum
751 3793 868 3878 Splnn·
924 3803 992 3853 turn
1016 3793 1163 3858 tribuere
1183 3793 1381 3877 conjecturis
1401 3805 1455 3856 eut
1476 3793 1567 3860 nullo
1587 3795 1670 3858 nisis

117 3899 242 3958 rael-en
271 3910 400 3958 enstnm
426 3893 612 3972 contendit,
652 3915 747 3977 quem
772 3915 866 3959 resse
924 3892 1155 3972 fundamento,
1194 3909 1249 3958 sut
1274 3917 1353 3980 quas
1380 3895 1564 3960 levissimus
1590 3896 1669 3960 holi-

117 3997 316 4062 esoditionis
345 3995 526 4061 doctrinam
557 3995 675 4080 ingess
705 3997 865 4061 lectorem
925 4006 975 4058 tus
1008 3995 1106 4059 facile
1136 3995 1252 4062 diillet.
1304 3998 1468 4077 Advorte,
1511 4017 1594 4081 quae
1627 3997 1668 4062 sd

118 4100 222 4164 nolui.
922 4097 984 4160 hos
1011 4099 1171 4182 Crepesei
1202 4120 1319 4162 numos
1347 4099 1459 4163 dictet.
1504 4099 1666 4164 Denarius

264 4203 418 4263 Pratome
435 4199 609 4262 muliebris
624 4200 756 4262 obuersa
772 4209 865 4282 terga
922 4201 1150 4282 praecedentis
1183 4201 1324 4264 Cossutii
1356 4201 1494 4265 Salsulae
1528 4215 1667 4286 psopter

262 4301 372 4387 deflua
390 4305 427 4364 in
442 4301 530 4364 illud
546 4303 710 4378 caesarie,
735 4303 772 4363 in
787 4321 866 4364 area
923 4313 1033 4384 typum
1059 4303 1328 4386 Bellerophontis
1358 4318 1451 4368 ceste
1472 4304 1667 4370 Corinthum

263 4403 365 4466 litera
380 4402 566 4484 alphabeti,
581 4415 616 4464 et
632 4403 804 4466 variantia
822 4405 866 4466 si-
920 4403 1066 4488 respicit.
1104 4406 1205 4490 Atqui
1229 4418 1264 4469 st
1284 4407 1455 4492 Neptunus
1479 4405 1666 4491 hippocam-

259 4504 357 4584 gillu.
921 4505 971 4588 pis
1003 4519 1117 4571 neotus
1149 4506 1259 4572 existit
1280 4509 1314 4572 iu
1347 4509 1662 4586 monets'Corinthi,

112 4609 160 4704 Q.
174 4605 362 4672 CREPER.
380 4607 425 4670 Μ.
445 4607 484 4667 F.
498 4605 656 4674 ROCVS.
688 4604 864 4690 Neptunus
920 4622 1052 4692 ergoet
1069 4609 1432 4698 hiCrepesejislsnssii
1450 4610 1586 4677 eundem
1609 4634 1662 4676 co-

148 4827 184 4896 s)
206 4825 239 4882 hs
250 4799 329 4882 lulio
350 4843 376 4884 c.
390 4835 412 4885 t.
487 4824 522 4900 b)
542 4826 656 4904 Theou·
671 4844 699 4884 u.
711 4834 774 4891 280.
847 4826 883 4898 a)
901 4823 933 4882 in
946 4825 1032 4888 Vers.
1046 4825 1110 4887 1101.
1123 4844 1151 4886 o.
1165 4839 1206 4890 to.
