<?xml version="1.0" encoding="UTF-8"?>
<!DOCTYPE html PUBLIC "-//W3C//DTD XHTML 1.0 Transitional//EN"
    "http://www.w3.org/TR/xhtml1/DTD/xhtml1-transitional.dtd">
<html xmlns="http://www.w3.org/1999/xhtml" xml:lang="en" lang="en">
 <head>
  <title>
</title>
<meta http-equiv="Content-Type" content="text/html;charset=utf-8" />
  <meta name='ocr-system' content='tesseract 3.04.00' />
  <meta name='ocr-capabilities' content='ocr_page ocr_carea ocr_par ocr_line ocrx_word'/>
</head>
<body>
  <div class='ocr_page' id='page_1' title='image "./doctrinanumorum01millgoog_0124.png"; bbox 0 0 4184 5500; ppageno 0'>
   <div class='ocr_carea' id='block_1_1' title="bbox 538 531 1676 636">
    <p class='ocr_par' dir='ltr' id='par_1_1' title="bbox 538 531 1676 636">
     <span class='ocr_line' id='line_1_1' title="bbox 538 531 1676 636; baseline 0.007 -26"><span class='ocrx_word' id='word_1_1' title='bbox 538 539 613 610; x_wconf 81' lang='grc' dir='ltr'>ιιι</span> <span class='ocrx_word' id='word_1_2' title='bbox 648 536 854 612; x_wconf 71' lang='lat' dir='ltr'>nouos</span> <span class='ocrx_word' id='word_1_3' title='bbox 885 531 1270 614; x_wconf 75' lang='lat' dir='ltr'>ruururnuvu.</span> <span class='ocrx_word' id='word_1_4' title='bbox 1340 573 1351 590; x_wconf 43' lang='grc' dir='ltr'><strong>ι</strong></span> <span class='ocrx_word' id='word_1_5' title='bbox 1606 553 1676 636; x_wconf 77' lang='lat' dir='ltr'>tou</span> 
     </span>
    </p>
   </div>
   <div class='ocr_carea' id='block_1_2' title="bbox 67 701 1676 4656">
    <p class='ocr_par' dir='ltr' id='par_1_2' title="bbox 124 701 1676 3737">
     <span class='ocr_line' id='line_1_2' title="bbox 134 701 1672 796; baseline 0.008 -34"><span class='ocrx_word' id='word_1_6' title='bbox 134 701 238 766; x_wconf 85' lang='lat' dir='ltr'>lentis.</span> <span class='ocrx_word' id='word_1_7' title='bbox 270 701 337 768; x_wconf 86' lang='lat' dir='ltr'>Sed</span> <span class='ocrx_word' id='word_1_8' title='bbox 355 703 511 780; x_wconf 79' lang='lat' dir='ltr'>reticent,</span> <span class='ocrx_word' id='word_1_9' title='bbox 533 704 637 785; x_wconf 79' lang='lat' dir='ltr'>istud,</span> <span class='ocrx_word' id='word_1_10' title='bbox 658 707 720 786; x_wconf 82' lang='lat' dir='ltr'>eit,</span> <span class='ocrx_word' id='word_1_11' title='bbox 738 706 875 792; x_wconf 78' lang='lat' dir='ltr'>scripte·</span> <span class='ocrx_word' id='word_1_12' title='bbox 927 727 1011 773; x_wconf 72' lang='lat' dir='ltr'>susc</span> <span class='ocrx_word' id='word_1_13' title='bbox 1041 703 1172 788; x_wconf 68' lang='lat' dir='ltr'>Trejsni</span> <span class='ocrx_word' id='word_1_14' title='bbox 1209 701 1313 769; x_wconf 76' lang='lat' dir='ltr'>estate</span> <span class='ocrx_word' id='word_1_15' title='bbox 1347 725 1429 796; x_wconf 81' lang='lat' dir='ltr'>quse</span> <span class='ocrx_word' id='word_1_16' title='bbox 1455 707 1571 792; x_wconf 72' lang='lat' dir='ltr'>‘potuit</span> <span class='ocrx_word' id='word_1_17' title='bbox 1598 725 1672 774; x_wconf 78' lang='lat' dir='ltr'>csse</span> 
     </span>
     <span class='ocr_line' id='line_1_3' title="bbox 132 805 1672 894; baseline 0.003 -26"><span class='ocrx_word' id='word_1_18' title='bbox 132 825 186 868; x_wconf 83' lang='lat' dir='ltr'>res</span> <span class='ocrx_word' id='word_1_19' title='bbox 202 819 346 870; x_wconf 72' lang='lat' dir='ltr'>veteres.</span> <span class='ocrx_word' id='word_1_20' title='bbox 371 807 416 870; x_wconf 73' lang='grc' dir='ltr'><strong>Δι</strong></span> <span class='ocrx_word' id='word_1_21' title='bbox 430 827 472 870; x_wconf 87' lang='lat' dir='ltr'>ex</span> <span class='ocrx_word' id='word_1_22' title='bbox 486 807 578 892; x_wconf 81' lang='lat' dir='ltr'>eujus</span> <span class='ocrx_word' id='word_1_23' title='bbox 593 808 666 894; x_wconf 86' lang='lat' dir='ltr'>ipss</span> <span class='ocrx_word' id='word_1_24' title='bbox 685 810 873 873; x_wconf 71' lang='grc' dir='ltr'><strong>ιιιιίιιιοιιίο</strong></span> <span class='ocrx_word' id='word_1_25' title='bbox 928 805 1083 886; x_wconf 70' lang='lat' dir='ltr'>evanida,</span> <span class='ocrx_word' id='word_1_26' title='bbox 1107 821 1147 872; x_wconf 86' lang='lat' dir='ltr'>et</span> <span class='ocrx_word' id='word_1_27' title='bbox 1170 807 1279 871; x_wconf 79' lang='grc' dir='ltr'><strong>ιιιιίιι</strong></span> <span class='ocrx_word' id='word_1_28' title='bbox 1301 808 1456 892; x_wconf 63' lang='lat' dir='ltr'>pannis,</span> <span class='ocrx_word' id='word_1_29' title='bbox 1485 809 1551 872; x_wconf 89' lang='lat' dir='ltr'>uisi</span> <span class='ocrx_word' id='word_1_30' title='bbox 1578 826 1672 877; x_wconf 73' lang='lat' dir='ltr'>vern</span> 
     </span>
     <span class='ocr_line' id='line_1_4' title="bbox 132 905 1674 995; baseline 0.005 -27"><span class='ocrx_word' id='word_1_31' title='bbox 132 907 312 984; x_wconf 77' lang='lat' dir='ltr'>intellexit,</span> <span class='ocrx_word' id='word_1_32' title='bbox 348 905 566 991; x_wconf 82' lang='lat' dir='ltr'>imperatores</span> <span class='ocrx_word' id='word_1_33' title='bbox 588 913 639 976; x_wconf 87' lang='lat' dir='ltr'>bis</span> <span class='ocrx_word' id='word_1_34' title='bbox 671 913 780 974; x_wconf 77' lang='grc' dir='ltr'><strong>ιιιιιιίι</strong></span> <span class='ocrx_word' id='word_1_35' title='bbox 807 931 873 976; x_wconf 80' lang='lat' dir='ltr'>esa</span> <span class='ocrx_word' id='word_1_36' title='bbox 919 909 989 972; x_wconf 67' lang='lat' dir='ltr'>‚ifle</span> <span class='ocrx_word' id='word_1_37' title='bbox 1013 909 1209 990; x_wconf 76' lang='lat' dir='ltr'>omaulsris,</span> <span class='ocrx_word' id='word_1_38' title='bbox 1240 929 1338 995; x_wconf 71' lang='grc' dir='ltr'><strong>ῃιιιι</strong></span> <span class='ocrx_word' id='word_1_39' title='bbox 1363 910 1566 975; x_wconf 77' lang='lat' dir='ltr'>restituendo</span> <span class='ocrx_word' id='word_1_40' title='bbox 1597 933 1674 976; x_wconf 69' lang='lat' dir='ltr'>ost·</span> 
     </span>
     <span class='ocr_line' id='line_1_5' title="bbox 131 1010 1671 1098; baseline 0.005 -28"><span class='ocrx_word' id='word_1_41' title='bbox 131 1029 247 1072; x_wconf 87' lang='lat' dir='ltr'>numos</span> <span class='ocrx_word' id='word_1_42' title='bbox 281 1011 465 1087; x_wconf 85' lang='lat' dir='ltr'>restitutos,</span> <span class='ocrx_word' id='word_1_43' title='bbox 494 1011 556 1074; x_wconf 82' lang='lat' dir='ltr'>sed</span> <span class='ocrx_word' id='word_1_44' title='bbox 582 1013 734 1077; x_wconf 84' lang='lat' dir='ltr'>restituta</span> <span class='ocrx_word' id='word_1_45' title='bbox 761 1034 874 1076; x_wconf 81' lang='lat' dir='ltr'>nonu·</span> <span class='ocrx_word' id='word_1_46' title='bbox 928 1010 1029 1073; x_wconf 74' lang='lat' dir='ltr'>ualuit</span> <span class='ocrx_word' id='word_1_47' title='bbox 1057 1011 1265 1076; x_wconf 73' lang='lat' dir='ltr'>reverentiae</span> <span class='ocrx_word' id='word_1_48' title='bbox 1297 1011 1422 1076; x_wconf 79' lang='lat' dir='ltr'>veteris</span> <span class='ocrx_word' id='word_1_49' title='bbox 1458 1013 1671 1098; x_wconf 76' lang='lat' dir='ltr'>reipublicae,</span> 
     </span>
     <span class='ocr_line' id='line_1_6' title="bbox 129 1111 1674 1208; baseline 0.002 -33"><span class='ocrx_word' id='word_1_50' title='bbox 129 1125 238 1176; x_wconf 82' lang='lat' dir='ltr'>meets</span> <span class='ocrx_word' id='word_1_51' title='bbox 254 1111 397 1194; x_wconf 78' lang='lat' dir='ltr'>intelligi</span> <span class='ocrx_word' id='word_1_52' title='bbox 415 1111 584 1178; x_wconf 81' lang='lat' dir='ltr'>voluisse?</span> <span class='ocrx_word' id='word_1_53' title='bbox 614 1115 710 1208; x_wconf 76' lang='lat' dir='ltr'>Quod</span> <span class='ocrx_word' id='word_1_54' title='bbox 731 1136 796 1199; x_wconf 80' lang='lat' dir='ltr'>ego</span> <span class='ocrx_word' id='word_1_55' title='bbox 816 1113 874 1178; x_wconf 89' lang='lat' dir='ltr'>do·</span> <span class='ocrx_word' id='word_1_56' title='bbox 927 1112 1067 1197; x_wconf 76' lang='lat' dir='ltr'>perinde</span> <span class='ocrx_word' id='word_1_57' title='bbox 1104 1125 1203 1198; x_wconf 69' lang='lat' dir='ltr'>etque</span> <span class='ocrx_word' id='word_1_58' title='bbox 1232 1113 1416 1178; x_wconf 70' lang='lat' dir='ltr'>Antoninus</span> <span class='ocrx_word' id='word_1_59' title='bbox 1440 1117 1537 1192; x_wconf 87' lang='lat' dir='ltr'>Pius,</span> <span class='ocrx_word' id='word_1_60' title='bbox 1575 1136 1674 1200; x_wconf 79' lang='lat' dir='ltr'>quem</span> 
     </span>
     <span class='ocr_line' id='line_1_7' title="bbox 130 1214 1675 1307; baseline 0.002 -29"><span class='ocrx_word' id='word_1_61' title='bbox 130 1234 211 1291; x_wconf 91' lang='lat' dir='ltr'>ceo,</span> <span class='ocrx_word' id='word_1_62' title='bbox 249 1234 443 1297; x_wconf 85' lang='lat' dir='ltr'>usurpemus</span> <span class='ocrx_word' id='word_1_63' title='bbox 477 1214 600 1293; x_wconf 78' lang='lat' dir='ltr'>oeulis,</span> <span class='ocrx_word' id='word_1_64' title='bbox 638 1230 674 1280; x_wconf 82' lang='lat' dir='ltr'>et</span> <span class='ocrx_word' id='word_1_65' title='bbox 704 1218 872 1302; x_wconf 85' lang='lat' dir='ltr'>palpamus</span> <span class='ocrx_word' id='word_1_66' title='bbox 927 1228 1041 1280; x_wconf 73' lang='lat' dir='ltr'>uetere</span> <span class='ocrx_word' id='word_1_67' title='bbox 1062 1215 1226 1278; x_wconf 77' lang='grc' dir='ltr'><strong>-ιιιιοιιιιίι</strong></span> <span class='ocrx_word' id='word_1_68' title='bbox 1251 1215 1382 1299; x_wconf 87' lang='lat' dir='ltr'>imperii</span> <span class='ocrx_word' id='word_1_69' title='bbox 1409 1215 1530 1307; x_wconf 84' lang='lat' dir='ltr'>decora</span> <span class='ocrx_word' id='word_1_70' title='bbox 1557 1217 1592 1280; x_wconf 90' lang='lat' dir='ltr'>in</span> <span class='ocrx_word' id='word_1_71' title='bbox 1617 1239 1675 1281; x_wconf 67' lang='lat' dir='ltr'>uo</span> 
     </span>
     <span class='ocr_line' id='line_1_8' title="bbox 128 1315 1671 1403; baseline 0.003 -25"><span class='ocrx_word' id='word_1_72' title='bbox 128 1315 296 1393; x_wconf 86' lang='lat' dir='ltr'>menibus,</span> <span class='ocrx_word' id='word_1_73' title='bbox 337 1315 408 1400; x_wconf 87' lang='lat' dir='ltr'>ipse</span> <span class='ocrx_word' id='word_1_74' title='bbox 439 1335 570 1378; x_wconf 81' lang='lat' dir='ltr'>eausam</span> <span class='ocrx_word' id='word_1_75' title='bbox 606 1338 696 1382; x_wconf 84' lang='lat' dir='ltr'>suam</span> <span class='ocrx_word' id='word_1_76' title='bbox 727 1318 872 1403; x_wconf 79' lang='lat' dir='ltr'>auguriis</span> <span class='ocrx_word' id='word_1_77' title='bbox 926 1316 990 1380; x_wconf 87' lang='lat' dir='ltr'>suis</span> <span class='ocrx_word' id='word_1_78' title='bbox 1030 1316 1213 1378; x_wconf 69' lang='lat' dir='ltr'>restituisse</span> <span class='ocrx_word' id='word_1_79' title='bbox 1252 1315 1445 1382; x_wconf 85' lang='lat' dir='ltr'>ridebimus.</span> <span class='ocrx_word' id='word_1_80' title='bbox 1503 1317 1671 1396; x_wconf 81' lang='lat' dir='ltr'>Diximus,</span> 
     </span>
     <span class='ocr_line' id='line_1_9' title="bbox 129 1417 1673 1504; baseline 0.002 -25"><span class='ocrx_word' id='word_1_81' title='bbox 129 1417 199 1498; x_wconf 85' lang='lat' dir='ltr'>ejus</span> <span class='ocrx_word' id='word_1_82' title='bbox 219 1417 352 1501; x_wconf 78' lang='lat' dir='ltr'>generis</span> <span class='ocrx_word' id='word_1_83' title='bbox 377 1431 503 1496; x_wconf 88' lang='lat' dir='ltr'>tuetur,</span> <span class='ocrx_word' id='word_1_84' title='bbox 532 1419 637 1504; x_wconf 84' lang='lat' dir='ltr'>qualia</span> <span class='ocrx_word' id='word_1_85' title='bbox 657 1421 718 1484; x_wconf 90' lang='lat' dir='ltr'>sibi</span> <span class='ocrx_word' id='word_1_86' title='bbox 742 1441 807 1484; x_wconf 89' lang='lat' dir='ltr'>non</span> <span class='ocrx_word' id='word_1_87' title='bbox 829 1421 871 1486; x_wconf 84' lang='lat' dir='ltr'>ab</span> <span class='ocrx_word' id='word_1_88' title='bbox 927 1431 1120 1502; x_wconf 67' lang='lat' dir='ltr'>argenteos,</span> <span class='ocrx_word' id='word_1_89' title='bbox 1161 1439 1244 1503; x_wconf 85' lang='lat' dir='ltr'>quos</span> <span class='ocrx_word' id='word_1_90' title='bbox 1279 1417 1454 1495; x_wconf 82' lang='lat' dir='ltr'>babemus,</span> <span class='ocrx_word' id='word_1_91' title='bbox 1490 1420 1622 1482; x_wconf 82' lang='lat' dir='ltr'>nonnisi</span> <span class='ocrx_word' id='word_1_92' title='bbox 1654 1443 1673 1482; x_wconf 83' lang='grc' dir='ltr'><strong>ι</strong></span> 
     </span>
     <span class='ocr_line' id='line_1_10' title="bbox 127 1517 1674 1606; baseline 0.004 -28"><span class='ocrx_word' id='word_1_93' title='bbox 127 1517 284 1601; x_wconf 73' lang='lat' dir='ltr'><strong>Apolline</strong></span> <span class='ocrx_word' id='word_1_94' title='bbox 300 1519 359 1582; x_wconf 92' lang='lat' dir='ltr'>illo</span> <span class='ocrx_word' id='word_1_95' title='bbox 374 1519 511 1602; x_wconf 81' lang='lat' dir='ltr'>Pytbio,</span> <span class='ocrx_word' id='word_1_96' title='bbox 538 1520 597 1584; x_wconf 90' lang='lat' dir='ltr'>sed</span> <span class='ocrx_word' id='word_1_97' title='bbox 617 1521 771 1606; x_wconf 73' lang='lat' dir='ltr'><strong>Apolline</strong></span> <span class='ocrx_word' id='word_1_98' title='bbox 789 1525 872 1586; x_wconf 84' lang='lat' dir='ltr'>Tor·</span> <span class='ocrx_word' id='word_1_99' title='bbox 928 1520 1070 1602; x_wconf 74' lang='lat' dir='ltr'>Traiano</span> <span class='ocrx_word' id='word_1_100' title='bbox 1085 1519 1263 1597; x_wconf 71' lang='lat' dir='ltr'>restitutos,</span> <span class='ocrx_word' id='word_1_101' title='bbox 1280 1539 1322 1582; x_wconf 80' lang='lat' dir='ltr'>eu</span> <span class='ocrx_word' id='word_1_102' title='bbox 1337 1541 1398 1604; x_wconf 87' lang='lat' dir='ltr'>qua</span> <span class='ocrx_word' id='word_1_103' title='bbox 1414 1519 1491 1602; x_wconf 80' lang='lat' dir='ltr'>lege</span> <span class='ocrx_word' id='word_1_104' title='bbox 1505 1520 1674 1586; x_wconf 76' lang='lat' dir='ltr'>eximendi</span> 
     </span>
     <span class='ocr_line' id='line_1_11' title="bbox 128 1620 1673 1709; baseline 0.003 -29"><span class='ocrx_word' id='word_1_105' title='bbox 128 1631 221 1696; x_wconf 88' lang='lat' dir='ltr'>tore,</span> <span class='ocrx_word' id='word_1_106' title='bbox 260 1639 357 1704; x_wconf 77' lang='lat' dir='ltr'>quem</span> <span class='ocrx_word' id='word_1_107' title='bbox 398 1623 616 1686; x_wconf 77' lang='lat' dir='ltr'>observavere</span> <span class='ocrx_word' id='word_1_108' title='bbox 645 1643 774 1709; x_wconf 83' lang='lat' dir='ltr'>quoque</span> <span class='ocrx_word' id='word_1_109' title='bbox 805 1625 872 1687; x_wconf 80' lang='lat' dir='ltr'>llo·</span> <span class='ocrx_word' id='word_1_110' title='bbox 929 1620 995 1684; x_wconf 90' lang='lat' dir='ltr'>duo</span> <span class='ocrx_word' id='word_1_111' title='bbox 1025 1621 1202 1704; x_wconf 79' lang='lat' dir='ltr'>postremi,</span> <span class='ocrx_word' id='word_1_112' title='bbox 1233 1641 1372 1705; x_wconf 83' lang='lat' dir='ltr'>quorum</span> <span class='ocrx_word' id='word_1_113' title='bbox 1400 1621 1493 1705; x_wconf 87' lang='lat' dir='ltr'>prior</span> <span class='ocrx_word' id='word_1_114' title='bbox 1514 1621 1673 1684; x_wconf 84' lang='lat' dir='ltr'>Hadriani</span> 
     </span>
     <span class='ocr_line' id='line_1_12' title="bbox 125 1721 1674 1807; baseline 0.001 -25"><span class='ocrx_word' id='word_1_115' title='bbox 125 1721 215 1783; x_wconf 84' lang='lat' dir='ltr'>meni</span> <span class='ocrx_word' id='word_1_116' title='bbox 239 1722 288 1802; x_wconf 88' lang='grc' dir='ltr'>Ι),</span> <span class='ocrx_word' id='word_1_117' title='bbox 323 1741 404 1782; x_wconf 88' lang='lat' dir='ltr'>reor</span> <span class='ocrx_word' id='word_1_118' title='bbox 436 1721 537 1782; x_wconf 83' lang='lat' dir='ltr'>luisse</span> <span class='ocrx_word' id='word_1_119' title='bbox 577 1721 704 1788; x_wconf 85' lang='lat' dir='ltr'>dictata.</span> <span class='ocrx_word' id='word_1_120' title='bbox 757 1725 872 1807; x_wconf 84' lang='lat' dir='ltr'>Neque</span> <span class='ocrx_word' id='word_1_121' title='bbox 927 1721 1072 1784; x_wconf 84' lang='lat' dir='ltr'>restituit</span> <span class='ocrx_word' id='word_1_122' title='bbox 1090 1721 1284 1785; x_wconf 79' lang='lat' dir='ltr'>mensorium</span> <span class='ocrx_word' id='word_1_123' title='bbox 1314 1723 1415 1806; x_wconf 87' lang='lat' dir='ltr'>patris</span> <span class='ocrx_word' id='word_1_124' title='bbox 1437 1723 1587 1806; x_wconf 67' lang='lat' dir='ltr'>l&#39;rajani,</span> <span class='ocrx_word' id='word_1_125' title='bbox 1618 1745 1674 1786; x_wconf 79' lang='lat' dir='ltr'>ou·</span> 
     </span>
     <span class='ocr_line' id='line_1_13' title="bbox 124 1821 1672 1910; baseline 0.003 -27"><span class='ocrx_word' id='word_1_126' title='bbox 124 1833 255 1896; x_wconf 87' lang='lat' dir='ltr'>temen,</span> <span class='ocrx_word' id='word_1_127' title='bbox 304 1822 394 1903; x_wconf 77' lang='lat' dir='ltr'>quod</span> <span class='ocrx_word' id='word_1_128' title='bbox 427 1821 606 1901; x_wconf 81' lang='lat' dir='ltr'>existimet,</span> <span class='ocrx_word' id='word_1_129' title='bbox 647 1846 754 1910; x_wconf 88' lang='lat' dir='ltr'>usque</span> <span class='ocrx_word' id='word_1_130' title='bbox 791 1825 873 1888; x_wconf 84' lang='lat' dir='ltr'>ades</span> <span class='ocrx_word' id='word_1_131' title='bbox 929 1821 981 1906; x_wconf 89' lang='lat' dir='ltr'>jus</span> <span class='ocrx_word' id='word_1_132' title='bbox 1014 1821 1220 1906; x_wconf 80' lang='lat' dir='ltr'>erebetypon</span> <span class='ocrx_word' id='word_1_133' title='bbox 1245 1841 1313 1885; x_wconf 83' lang='lat' dir='ltr'>nou</span> <span class='ocrx_word' id='word_1_134' title='bbox 1339 1837 1461 1900; x_wconf 83' lang='lat' dir='ltr'>exstat,</span> <span class='ocrx_word' id='word_1_135' title='bbox 1504 1824 1589 1887; x_wconf 79' lang='lat' dir='ltr'>ulter</span> <span class='ocrx_word' id='word_1_136' title='bbox 1618 1845 1672 1888; x_wconf 69' lang='lat' dir='ltr'>re»</span> 
     </span>
     <span class='ocr_line' id='line_1_14' title="bbox 125 1919 1672 2010; baseline 0.003 -27"><span class='ocrx_word' id='word_1_137' title='bbox 125 1921 256 1986; x_wconf 79' lang='lat' dir='ltr'>invidos</span> <span class='ocrx_word' id='word_1_138' title='bbox 284 1919 441 1986; x_wconf 86' lang='lat' dir='ltr'>babemus</span> <span class='ocrx_word' id='word_1_139' title='bbox 469 1937 620 2001; x_wconf 82' lang='lat' dir='ltr'>veteres,</span> <span class='ocrx_word' id='word_1_140' title='bbox 660 1939 696 1988; x_wconf 89' lang='lat' dir='ltr'>ut</span> <span class='ocrx_word' id='word_1_141' title='bbox 727 1946 793 1988; x_wconf 89' lang='lat' dir='ltr'>uon</span> <span class='ocrx_word' id='word_1_142' title='bbox 818 1926 875 1990; x_wconf 84' lang='lat' dir='ltr'>ali·</span> <span class='ocrx_word' id='word_1_143' title='bbox 929 1923 1059 1986; x_wconf 82' lang='lat' dir='ltr'>stitutus</span> <span class='ocrx_word' id='word_1_144' title='bbox 1081 1945 1099 1987; x_wconf 87' lang='lat' dir='ltr'>a</span> <span class='ocrx_word' id='word_1_145' title='bbox 1119 1925 1166 1988; x_wconf 75' lang='lat' dir='ltr'>M.</span> <span class='ocrx_word' id='word_1_146' title='bbox 1184 1923 1322 1987; x_wconf 72' lang='lat' dir='ltr'>Aurelio</span> <span class='ocrx_word' id='word_1_147' title='bbox 1349 1937 1384 1986; x_wconf 84' lang='lat' dir='ltr'>et</span> <span class='ocrx_word' id='word_1_148' title='bbox 1405 1925 1514 2002; x_wconf 82' lang='lat' dir='ltr'>Vero,</span> <span class='ocrx_word' id='word_1_149' title='bbox 1548 1927 1583 1986; x_wconf 92' lang='lat' dir='ltr'>in</span> <span class='ocrx_word' id='word_1_150' title='bbox 1606 1947 1672 2010; x_wconf 86' lang='lat' dir='ltr'>que</span> 
     </span>
     <span class='ocr_line' id='line_1_15' title="bbox 127 2023 1674 2112; baseline 0.005 -29"><span class='ocrx_word' id='word_1_151' title='bbox 127 2045 221 2108; x_wconf 86' lang='lat' dir='ltr'>quarn</span> <span class='ocrx_word' id='word_1_152' title='bbox 245 2023 360 2086; x_wconf 83' lang='lat' dir='ltr'>saltem</span> <span class='ocrx_word' id='word_1_153' title='bbox 384 2023 526 2087; x_wconf 72' lang='lat' dir='ltr'>huniam</span> <span class='ocrx_word' id='word_1_154' title='bbox 555 2025 651 2089; x_wconf 89' lang='lat' dir='ltr'>nobis</span> <span class='ocrx_word' id='word_1_155' title='bbox 671 2027 872 2112; x_wconf 81' lang='lat' dir='ltr'>indulgeant.</span> <span class='ocrx_word' id='word_1_156' title='bbox 901 2050 904 2063; x_wconf 89' lang='grc'><em>·</em></span> <span class='ocrx_word' id='word_1_157' title='bbox 930 2038 1038 2087; x_wconf 88' lang='lat' dir='ltr'>tamen</span> <span class='ocrx_word' id='word_1_158' title='bbox 1055 2023 1203 2086; x_wconf 86' lang='lat' dir='ltr'>nonnibil</span> <span class='ocrx_word' id='word_1_159' title='bbox 1221 2045 1239 2087; x_wconf 85' lang='lat' dir='ltr'>a</span> <span class='ocrx_word' id='word_1_160' title='bbox 1258 2023 1365 2107; x_wconf 86' lang='lat' dir='ltr'>primo</span> <span class='ocrx_word' id='word_1_161' title='bbox 1381 2025 1534 2108; x_wconf 85' lang='lat' dir='ltr'>exemplo</span> <span class='ocrx_word' id='word_1_162' title='bbox 1553 2025 1674 2090; x_wconf 82' lang='lat' dir='ltr'>disces·</span> 
     </span>
     <span class='ocr_line' id='line_1_16' title="bbox 127 2124 1675 2210; baseline 0.003 -24"><span class='ocrx_word' id='word_1_163' title='bbox 127 2125 331 2210; x_wconf 68' lang='lat' dir='ltr'>xiphilinus,</span> <span class='ocrx_word' id='word_1_164' title='bbox 367 2141 537 2210; x_wconf 85' lang='lat' dir='ltr'>postquem</span> <span class='ocrx_word' id='word_1_165' title='bbox 571 2126 617 2190; x_wconf 86' lang='lat' dir='ltr'>de</span> <span class='ocrx_word' id='word_1_166' title='bbox 654 2129 794 2206; x_wconf 76' lang='lat' dir='ltr'>&#39;l&#39;raiano</span> <span class='ocrx_word' id='word_1_167' title='bbox 831 2148 873 2191; x_wconf 84' lang='lat' dir='ltr'>ex</span> <span class='ocrx_word' id='word_1_168' title='bbox 930 2148 1019 2204; x_wconf 86' lang='lat' dir='ltr'>suru;</span> <span class='ocrx_word' id='word_1_169' title='bbox 1041 2145 1114 2189; x_wconf 84' lang='lat' dir='ltr'>nem</span> <span class='ocrx_word' id='word_1_170' title='bbox 1134 2124 1577 2210; x_wconf 62' lang='lat' dir='ltr'>pensumvoptsntn</span> <span class='ocrx_word' id='word_1_171' title='bbox 1595 2127 1675 2190; x_wconf 84' lang='lat' dir='ltr'>scri·</span> 
     </span>
     <span class='ocr_line' id='line_1_17' title="bbox 128 2225 1674 2320; baseline 0.001 -32"><span class='ocrx_word' id='word_1_172' title='bbox 128 2227 238 2292; x_wconf 86' lang='lat' dir='ltr'>Dione</span> <span class='ocrx_word' id='word_1_173' title='bbox 256 2241 421 2316; x_wconf 74' lang='lat' dir='ltr'>narrasset</span> <span class='ocrx_word' id='word_1_174' title='bbox 441 2227 491 2311; x_wconf 75' lang='lat' dir='ltr'>b),</span> <span class='ocrx_word' id='word_1_175' title='bbox 520 2249 595 2292; x_wconf 82' lang='lat' dir='ltr'>euna</span> <span class='ocrx_word' id='word_1_176' title='bbox 612 2230 798 2314; x_wconf 82' lang='lat' dir='ltr'>Pomptinae</span> <span class='ocrx_word' id='word_1_177' title='bbox 819 2251 874 2313; x_wconf 88' lang='lat' dir='ltr'>pa·</span> <span class='ocrx_word' id='word_1_178' title='bbox 931 2225 1021 2288; x_wconf 86' lang='lat' dir='ltr'>bitur</span> <span class='ocrx_word' id='word_1_179' title='bbox 1033 2226 1271 2294; x_wconf 76' lang='lat' dir='ltr'>ANTONIVS.</span> <span class='ocrx_word' id='word_1_180' title='bbox 1287 2226 1453 2294; x_wconf 78' lang='lat' dir='ltr'>AVGVR.</span> <span class='ocrx_word' id='word_1_181' title='bbox 1492 2226 1674 2320; x_wconf 81' lang='lat' dir='ltr'>Quaeius·</span> 
     </span>
     <span class='ocr_line' id='line_1_18' title="bbox 127 2327 1675 2415; baseline 0.002 -25"><span class='ocrx_word' id='word_1_182' title='bbox 127 2329 222 2394; x_wconf 85' lang='lat' dir='ltr'>ludes</span> <span class='ocrx_word' id='word_1_183' title='bbox 266 2330 411 2394; x_wconf 81' lang='lat' dir='ltr'>silicibus</span> <span class='ocrx_word' id='word_1_184' title='bbox 463 2332 638 2409; x_wconf 83' lang='lat' dir='ltr'>stravisse,</span> <span class='ocrx_word' id='word_1_185' title='bbox 690 2344 874 2415; x_wconf 80' lang='lat' dir='ltr'>pontesque</span> <span class='ocrx_word' id='word_1_186' title='bbox 929 2329 975 2392; x_wconf 87' lang='lat' dir='ltr'>rit</span> <span class='ocrx_word' id='word_1_187' title='bbox 995 2328 1132 2392; x_wconf 81' lang='lat' dir='ltr'>Aurelio</span> <span class='ocrx_word' id='word_1_188' title='bbox 1161 2328 1258 2412; x_wconf 88' lang='lat' dir='ltr'>bejue</span> <span class='ocrx_word' id='word_1_189' title='bbox 1284 2327 1470 2390; x_wconf 87' lang='lat' dir='ltr'>ristiteeudi</span> <span class='ocrx_word' id='word_1_190' title='bbox 1489 2330 1581 2392; x_wconf 85' lang='lat' dir='ltr'>numi</span> <span class='ocrx_word' id='word_1_191' title='bbox 1598 2349 1675 2393; x_wconf 84' lang='lat' dir='ltr'>ceu·</span> 
     </span>
     <span class='ocr_line' id='line_1_19' title="bbox 127 2428 1676 2519; baseline 0.004 -27"><span class='ocrx_word' id='word_1_192' title='bbox 127 2431 159 2492; x_wconf 94' lang='lat' dir='ltr'>in</span> <span class='ocrx_word' id='word_1_193' title='bbox 197 2431 242 2496; x_wconf 85' lang='lat' dir='ltr'>iis</span> <span class='ocrx_word' id='word_1_194' title='bbox 269 2435 609 2519; x_wconf 80' lang='lat' dir='ltr'>msgniliceutissiruos</span> <span class='ocrx_word' id='word_1_195' title='bbox 643 2433 784 2510; x_wconf 83' lang='lat' dir='ltr'>fecisse,</span> <span class='ocrx_word' id='word_1_196' title='bbox 816 2431 876 2496; x_wconf 71' lang='lat' dir='ltr'>sd·</span> <span class='ocrx_word' id='word_1_197' title='bbox 931 2451 985 2508; x_wconf 87' lang='lat' dir='ltr'>sa,</span> <span class='ocrx_word' id='word_1_198' title='bbox 1014 2443 1051 2493; x_wconf 88' lang='lat' dir='ltr'>et</span> <span class='ocrx_word' id='word_1_199' title='bbox 1078 2428 1210 2513; x_wconf 86' lang='lat' dir='ltr'>quidem</span> <span class='ocrx_word' id='word_1_200' title='bbox 1239 2443 1362 2493; x_wconf 84' lang='lat' dir='ltr'>tentum</span> <span class='ocrx_word' id='word_1_201' title='bbox 1392 2429 1573 2494; x_wconf 74' lang='lat' dir='ltr'>LEGionis</span> <span class='ocrx_word' id='word_1_202' title='bbox 1600 2433 1676 2510; x_wconf 78' lang='lat' dir='ltr'>VL,</span> 
     </span>
     <span class='ocr_line' id='line_1_20' title="bbox 128 2531 1675 2619; baseline 0.001 -25"><span class='ocrx_word' id='word_1_203' title='bbox 128 2533 190 2610; x_wconf 91' lang='lat' dir='ltr'>dit,</span> <span class='ocrx_word' id='word_1_204' title='bbox 234 2555 271 2596; x_wconf 78' lang='grc' dir='ltr'>το</span> <span class='ocrx_word' id='word_1_205' title='bbox 293 2557 330 2596; x_wconf 79' lang='lat' dir='ltr'>su</span> <span class='ocrx_word' id='word_1_206' title='bbox 346 2555 480 2619; x_wconf 73' lang='grc' dir='ltr'><strong>νομισμιι</strong></span> <span class='ocrx_word' id='word_1_207' title='bbox 504 2559 563 2600; x_wconf 75' lang='grc' dir='ltr'>παν</span> <span class='ocrx_word' id='word_1_208' title='bbox 589 2557 628 2597; x_wconf 82' lang='lat' dir='ltr'>ra</span> <span class='ocrx_word' id='word_1_209' title='bbox 643 2531 785 2613; x_wconf 65' lang='grc' dir='ltr'><strong>ἐξίτηλοι</strong></span> <span class='ocrx_word' id='word_1_210' title='bbox 809 2531 876 2614; x_wconf 77' lang='grc' dir='ltr'><strong>ἐξι-</strong></span> <span class='ocrx_word' id='word_1_211' title='bbox 930 2534 1129 2616; x_wconf 79' lang='lat' dir='ltr'>igeoremus.</span> <span class='ocrx_word' id='word_1_212' title='bbox 1178 2532 1248 2594; x_wconf 81' lang='grc' dir='ltr'><strong>Ὀιιι·</strong></span> <span class='ocrx_word' id='word_1_213' title='bbox 1285 2531 1411 2594; x_wconf 83' lang='lat' dir='ltr'>nullum</span> <span class='ocrx_word' id='word_1_214' title='bbox 1449 2531 1675 2610; x_wconf 71' lang='lat' dir='ltr'>consulerem,</span> 
     </span>
     <span class='ocr_line' id='line_1_21' title="bbox 128 2631 1676 2720; baseline 0.003 -26"><span class='ocrx_word' id='word_1_215' title='bbox 128 2653 276 2718; x_wconf 77' lang='grc' dir='ltr'><strong>χωιωσι,</strong></span> <span class='ocrx_word' id='word_1_216' title='bbox 301 2649 335 2700; x_wconf 85' lang='lat' dir='ltr'>et</span> <span class='ocrx_word' id='word_1_217' title='bbox 357 2657 490 2701; x_wconf 81' lang='lat' dir='ltr'>emnem</span> <span class='ocrx_word' id='word_1_218' title='bbox 502 2643 678 2720; x_wconf 71' lang='lat' dir='ltr'>pecuniam</span> <span class='ocrx_word' id='word_1_219' title='bbox 699 2637 873 2698; x_wconf 82' lang='lat' dir='ltr'>evanidam</span> <span class='ocrx_word' id='word_1_220' title='bbox 931 2633 987 2694; x_wconf 84' lang='lat' dir='ltr'>vel</span> <span class='ocrx_word' id='word_1_221' title='bbox 1015 2631 1157 2696; x_wconf 84' lang='lat' dir='ltr'>familiae</span> <span class='ocrx_word' id='word_1_222' title='bbox 1185 2633 1220 2694; x_wconf 90' lang='lat' dir='ltr'>iu</span> <span class='ocrx_word' id='word_1_223' title='bbox 1242 2653 1322 2696; x_wconf 83' lang='lat' dir='ltr'>asro</span> <span class='ocrx_word' id='word_1_224' title='bbox 1350 2631 1533 2698; x_wconf 82' lang='lat' dir='ltr'>restituerit</span> <span class='ocrx_word' id='word_1_225' title='bbox 1564 2633 1676 2716; x_wconf 76' lang='lat' dir='ltr'>Traja-</span> 
     </span>
     <span class='ocr_line' id='line_1_22' title="bbox 128 2731 1674 2825; baseline 0.001 -29"><span class='ocrx_word' id='word_1_226' title='bbox 128 2741 346 2817; x_wconf 82' lang='lat' dir='ltr'>ottritemque</span> <span class='ocrx_word' id='word_1_227' title='bbox 375 2741 546 2825; x_wconf 78' lang='lat' dir='ltr'>conflasse.</span> <span class='ocrx_word' id='word_1_228' title='bbox 586 2738 704 2802; x_wconf 76' lang='lat' dir='ltr'>Liceat</span> <span class='ocrx_word' id='word_1_229' title='bbox 727 2749 763 2800; x_wconf 85' lang='lat' dir='ltr'>et</span> <span class='ocrx_word' id='word_1_230' title='bbox 793 2735 873 2796; x_wconf 89' lang='lat' dir='ltr'>mibi</span> <span class='ocrx_word' id='word_1_231' title='bbox 929 2753 1009 2810; x_wconf 88' lang='lat' dir='ltr'>nus,</span> <span class='ocrx_word' id='word_1_232' title='bbox 1044 2734 1198 2819; x_wconf 78' lang='lat' dir='ltr'>expedite</span> <span class='ocrx_word' id='word_1_233' title='bbox 1232 2731 1329 2801; x_wconf 84' lang='lat' dir='ltr'>ratio.</span> <span class='ocrx_word' id='word_1_234' title='bbox 1371 2733 1567 2798; x_wconf 83' lang='lat' dir='ltr'>Restituit</span> <span class='ocrx_word' id='word_1_235' title='bbox 1557 2757 1586 2802; x_wconf 91' lang='grc' dir='ltr'>ιι</span> <span class='ocrx_word' id='word_1_236' title='bbox 1614 2757 1674 2798; x_wconf 89' lang='lat' dir='ltr'>nu-</span> 
     </span>
     <span class='ocr_line' id='line_1_23' title="bbox 129 2833 1674 2944; baseline 0.003 -46"><span class='ocrx_word' id='word_1_237' title='bbox 129 2855 202 2900; x_wconf 86' lang='lat' dir='ltr'>esse</span> <span class='ocrx_word' id='word_1_238' title='bbox 240 2838 364 2923; x_wconf 83' lang='lat' dir='ltr'>auguri.</span> <span class='ocrx_word' id='word_1_239' title='bbox 422 2837 531 2930; x_wconf 75' lang='lat' dir='ltr'>Quem</span> <span class='ocrx_word' id='word_1_240' title='bbox 567 2853 665 2902; x_wconf 83' lang='lat' dir='ltr'>anteo</span> <span class='ocrx_word' id='word_1_241' title='bbox 703 2836 873 2923; x_wconf 80' lang='lat' dir='ltr'>magnifica</span> <span class='ocrx_word' id='word_1_242' title='bbox 930 2855 1018 2913; x_wconf 85' lang='lat' dir='ltr'>mos,</span> <span class='ocrx_word' id='word_1_243' title='bbox 1049 2837 1162 2920; x_wconf 88' lang='lat' dir='ltr'>quales</span> <span class='ocrx_word' id='word_1_244' title='bbox 1192 2834 1233 2899; x_wconf 88' lang='lat' dir='ltr'>ab</span> <span class='ocrx_word' id='word_1_245' title='bbox 1260 2835 1388 2944; x_wconf 77' lang='lat' dir='ltr'>origiue</span> <span class='ocrx_word' id='word_1_246' title='bbox 1419 2833 1534 2917; x_wconf 78' lang='lat' dir='ltr'>iners,</span> <span class='ocrx_word' id='word_1_247' title='bbox 1566 2837 1674 2902; x_wconf 81' lang='lat' dir='ltr'>habits</span> 
     </span>
     <span class='ocr_line' id='line_1_24' title="bbox 128 2916 1674 3026; baseline -0.001 -24"><span class='ocrx_word' id='word_1_248' title='bbox 128 2939 396 3024; x_wconf 71' lang='lat' dir='ltr'>mtuisseopera</span> <span class='ocrx_word' id='word_1_249' title='bbox 411 2941 566 3026; x_wconf 85' lang='lat' dir='ltr'>perbibet</span> <span class='ocrx_word' id='word_1_250' title='bbox 582 2940 779 3026; x_wconf 70' lang='lat' dir='ltr'>xiphilinus,</span> <span class='ocrx_word' id='word_1_251' title='bbox 790 2959 873 3004; x_wconf 80' lang='lat' dir='ltr'>eom</span> <span class='ocrx_word' id='word_1_252' title='bbox 931 2957 1015 3021; x_wconf 77' lang='lat' dir='ltr'>ergo</span> <span class='ocrx_word' id='word_1_253' title='bbox 1040 2939 1139 3000; x_wconf 85' lang='lat' dir='ltr'>etium</span> <span class='ocrx_word' id='word_1_254' title='bbox 1164 2937 1290 3000; x_wconf 77' lang='lat' dir='ltr'>metelli</span> <span class='ocrx_word' id='word_1_255' title='bbox 1316 2916 1454 3004; x_wconf 78' lang='lat' dir='ltr'>rniiens.</span> <span class='ocrx_word' id='word_1_256' title='bbox 1493 2941 1539 3002; x_wconf 71' lang='lat' dir='ltr'>At</span> <span class='ocrx_word' id='word_1_257' title='bbox 1562 2957 1674 3001; x_wconf 85' lang='lat' dir='ltr'>moue·</span> 
     </span>
     <span class='ocr_line' id='line_1_25' title="bbox 127 3037 1672 3128; baseline -0.001 -27"><span class='ocrx_word' id='word_1_258' title='bbox 127 3041 272 3128; x_wconf 83' lang='lat' dir='ltr'>denique</span> <span class='ocrx_word' id='word_1_259' title='bbox 309 3042 415 3106; x_wconf 75' lang='lat' dir='ltr'>refert</span> <span class='ocrx_word' id='word_1_260' title='bbox 447 3044 619 3126; x_wconf 87' lang='lat' dir='ltr'>pecuniam</span> <span class='ocrx_word' id='word_1_261' title='bbox 653 3043 756 3126; x_wconf 85' lang='lat' dir='ltr'>longo</span> <span class='ocrx_word' id='word_1_262' title='bbox 790 3059 873 3106; x_wconf 82' lang='lat' dir='ltr'>seso</span> <span class='ocrx_word' id='word_1_263' title='bbox 930 3051 998 3100; x_wconf 84' lang='lat' dir='ltr'>taus</span> <span class='ocrx_word' id='word_1_264' title='bbox 1027 3059 1159 3102; x_wconf 88' lang='lat' dir='ltr'>auream</span> <span class='ocrx_word' id='word_1_265' title='bbox 1185 3040 1311 3101; x_wconf 83' lang='lat' dir='ltr'>Romae</span> <span class='ocrx_word' id='word_1_266' title='bbox 1340 3040 1470 3101; x_wconf 80' lang='lat' dir='ltr'>nonnisi</span> <span class='ocrx_word' id='word_1_267' title='bbox 1500 3037 1579 3102; x_wconf 89' lang='lat' dir='ltr'>inde</span> <span class='ocrx_word' id='word_1_268' title='bbox 1607 3041 1672 3100; x_wconf 79' lang='lat' dir='ltr'>al.</span> 
     </span>
     <span class='ocr_line' id='line_1_26' title="bbox 128 3139 1672 3225; baseline 0 -21"><span class='ocrx_word' id='word_1_269' title='bbox 128 3163 279 3220; x_wconf 77' lang='lat' dir='ltr'>enecans,</span> <span class='ocrx_word' id='word_1_270' title='bbox 311 3145 510 3208; x_wconf 85' lang='lat' dir='ltr'>etinutilom</span> <span class='ocrx_word' id='word_1_271' title='bbox 530 3143 708 3220; x_wconf 82' lang='lat' dir='ltr'>conflasse,</span> <span class='ocrx_word' id='word_1_272' title='bbox 732 3139 871 3225; x_wconf 86' lang='lat' dir='ltr'>perinde</span> <span class='ocrx_word' id='word_1_273' title='bbox 926 3141 1070 3203; x_wconf 74' lang='lat' dir='ltr'>Caesare</span> <span class='ocrx_word' id='word_1_274' title='bbox 1088 3139 1183 3202; x_wconf 84' lang='lat' dir='ltr'>ieriri</span> <span class='ocrx_word' id='word_1_275' title='bbox 1204 3153 1370 3222; x_wconf 76' lang='lat' dir='ltr'>coeptum,</span> <span class='ocrx_word' id='word_1_276' title='bbox 1397 3139 1476 3202; x_wconf 86' lang='lat' dir='ltr'>alibi</span> <span class='ocrx_word' id='word_1_277' title='bbox 1501 3139 1672 3222; x_wconf 77' lang='lat' dir='ltr'>probabile</span> 
     </span>
     <span class='ocr_line' id='line_1_27' title="bbox 128 3236 1673 3331; baseline -0.001 -25"><span class='ocrx_word' id='word_1_278' title='bbox 128 3245 217 3328; x_wconf 86' lang='lat' dir='ltr'>qussi</span> <span class='ocrx_word' id='word_1_279' title='bbox 241 3243 328 3308; x_wconf 85' lang='lat' dir='ltr'>istud</span> <span class='ocrx_word' id='word_1_280' title='bbox 352 3266 419 3310; x_wconf 90' lang='lat' dir='ltr'>non</span> <span class='ocrx_word' id='word_1_281' title='bbox 440 3246 481 3310; x_wconf 88' lang='lat' dir='ltr'>eb</span> <span class='ocrx_word' id='word_1_282' title='bbox 507 3245 656 3310; x_wconf 87' lang='lat' dir='ltr'>omuibus</span> <span class='ocrx_word' id='word_1_283' title='bbox 676 3245 765 3308; x_wconf 87' lang='lat' dir='ltr'>omni</span> <span class='ocrx_word' id='word_1_284' title='bbox 787 3257 872 3306; x_wconf 87' lang='lat' dir='ltr'>tem·</span> <span class='ocrx_word' id='word_1_285' title='bbox 929 3241 997 3302; x_wconf 82' lang='lat' dir='ltr'>disi</span> <span class='ocrx_word' id='word_1_286' title='bbox 1014 3245 1054 3322; x_wconf 81' lang='lat' dir='ltr'>e).</span> <span class='ocrx_word' id='word_1_287' title='bbox 1078 3236 1175 3331; x_wconf 74' lang='lat' dir='ltr'>Quod</span> <span class='ocrx_word' id='word_1_288' title='bbox 1193 3239 1234 3302; x_wconf 92' lang='lat' dir='ltr'>de</span> <span class='ocrx_word' id='word_1_289' title='bbox 1252 3239 1411 3305; x_wconf 87' lang='lat' dir='ltr'>restitutis</span> <span class='ocrx_word' id='word_1_290' title='bbox 1427 3241 1466 3305; x_wconf 88' lang='lat' dir='ltr'>ad</span> <span class='ocrx_word' id='word_1_291' title='bbox 1483 3261 1673 3308; x_wconf 63' lang='lat' dir='ltr'>omnemne</span> 
     </span>
     <span class='ocr_line' id='line_1_28' title="bbox 128 3342 1674 3428; baseline -0.001 -21"><span class='ocrx_word' id='word_1_292' title='bbox 128 3367 210 3428; x_wconf 89' lang='lat' dir='ltr'>pore</span> <span class='ocrx_word' id='word_1_293' title='bbox 234 3344 356 3411; x_wconf 82' lang='lat' dir='ltr'>fectum</span> <span class='ocrx_word' id='word_1_294' title='bbox 382 3361 486 3426; x_wconf 88' lang='lat' dir='ltr'>esset,</span> <span class='ocrx_word' id='word_1_295' title='bbox 522 3363 557 3412; x_wconf 87' lang='lat' dir='ltr'>et</span> <span class='ocrx_word' id='word_1_296' title='bbox 581 3345 869 3413; x_wconf 86' lang='lat' dir='ltr'>commemorando</span> <span class='ocrx_word' id='word_1_297' title='bbox 927 3343 1059 3426; x_wconf 84' lang='lat' dir='ltr'>chetypi</span> <span class='ocrx_word' id='word_1_298' title='bbox 1085 3342 1245 3404; x_wconf 84' lang='lat' dir='ltr'>rationem</span> <span class='ocrx_word' id='word_1_299' title='bbox 1267 3343 1432 3428; x_wconf 73' lang='lat' dir='ltr'>argenteis</span> <span class='ocrx_word' id='word_1_300' title='bbox 1456 3343 1541 3422; x_wconf 86' lang='lat' dir='ltr'>dixi,</span> <span class='ocrx_word' id='word_1_301' title='bbox 1578 3345 1674 3408; x_wconf 84' lang='lat' dir='ltr'>intel-</span> 
     </span>
     <span class='ocr_line' id='line_1_29' title="bbox 127 3441 1671 3535; baseline 0.002 -29"><span class='ocrx_word' id='word_1_302' title='bbox 127 3449 204 3512; x_wconf 80' lang='grc' dir='ltr'><strong>ιιίιο</strong></span> <span class='ocrx_word' id='word_1_303' title='bbox 235 3447 301 3513; x_wconf 90' lang='lat' dir='ltr'>boo</span> <span class='ocrx_word' id='word_1_304' title='bbox 328 3449 435 3526; x_wconf 69' lang='lat' dir='ltr'>inmo,</span> <span class='ocrx_word' id='word_1_305' title='bbox 471 3449 558 3535; x_wconf 86' lang='lat' dir='ltr'>qued</span> <span class='ocrx_word' id='word_1_306' title='bbox 595 3471 638 3514; x_wconf 92' lang='lat' dir='ltr'>ne</span> <span class='ocrx_word' id='word_1_307' title='bbox 669 3449 869 3514; x_wconf 81' lang='lat' dir='ltr'>mentionem</span> <span class='ocrx_word' id='word_1_308' title='bbox 925 3445 985 3528; x_wconf 80' lang='lat' dir='ltr'>ligi</span> <span class='ocrx_word' id='word_1_309' title='bbox 1006 3443 1103 3508; x_wconf 83' lang='lat' dir='ltr'>etiam</span> <span class='ocrx_word' id='word_1_310' title='bbox 1128 3441 1227 3508; x_wconf 87' lang='lat' dir='ltr'>debet</span> <span class='ocrx_word' id='word_1_311' title='bbox 1248 3443 1289 3508; x_wconf 91' lang='lat' dir='ltr'>de</span> <span class='ocrx_word' id='word_1_312' title='bbox 1311 3444 1533 3530; x_wconf 85' lang='lat' dir='ltr'>compluribus</span> <span class='ocrx_word' id='word_1_313' title='bbox 1550 3448 1671 3524; x_wconf 73' lang='grc' dir='ltr'><strong>ιιιιοίι,</strong></span> 
     </span>
     <span class='ocr_line' id='line_1_30' title="bbox 127 3545 1673 3636; baseline 0.001 -25"><span class='ocrx_word' id='word_1_314' title='bbox 127 3549 257 3632; x_wconf 84' lang='lat' dir='ltr'>quidem</span> <span class='ocrx_word' id='word_1_315' title='bbox 286 3551 490 3630; x_wconf 78' lang='lat' dir='ltr'>merebatur,</span> <span class='ocrx_word' id='word_1_316' title='bbox 520 3549 642 3636; x_wconf 84' lang='lat' dir='ltr'>aliquid</span> <span class='ocrx_word' id='word_1_317' title='bbox 663 3565 776 3635; x_wconf 83' lang='lat' dir='ltr'>posset</span> <span class='ocrx_word' id='word_1_318' title='bbox 799 3551 870 3634; x_wconf 78' lang='lat' dir='ltr'>glo·</span> <span class='ocrx_word' id='word_1_319' title='bbox 925 3549 1104 3632; x_wconf 77' lang='lat' dir='ltr'>praecipue</span> <span class='ocrx_word' id='word_1_320' title='bbox 1118 3545 1274 3630; x_wconf 79' lang='lat' dir='ltr'>Augusti,</span> <span class='ocrx_word' id='word_1_321' title='bbox 1302 3559 1336 3612; x_wconf 85' lang='lat' dir='ltr'>et</span> <span class='ocrx_word' id='word_1_322' title='bbox 1353 3547 1534 3633; x_wconf 76' lang='lat' dir='ltr'>Agrippae,</span> <span class='ocrx_word' id='word_1_323' title='bbox 1558 3562 1593 3611; x_wconf 85' lang='lat' dir='ltr'>ut</span> <span class='ocrx_word' id='word_1_324' title='bbox 1616 3549 1673 3613; x_wconf 87' lang='lat' dir='ltr'>do-</span> 
     </span>
     <span class='ocr_line' id='line_1_31' title="bbox 127 3651 1180 3737; baseline 0 -25"><span class='ocrx_word' id='word_1_325' title='bbox 127 3653 194 3715; x_wconf 84' lang='lat' dir='ltr'>riae</span> <span class='ocrx_word' id='word_1_326' title='bbox 229 3653 371 3736; x_wconf 71' lang='lat' dir='ltr'>Traiano</span> <span class='ocrx_word' id='word_1_327' title='bbox 406 3653 584 3730; x_wconf 84' lang='lat' dir='ltr'>accedere,</span> <span class='ocrx_word' id='word_1_328' title='bbox 620 3653 677 3736; x_wconf 86' lang='lat' dir='ltr'>qui</span> <span class='ocrx_word' id='word_1_329' title='bbox 709 3653 869 3737; x_wconf 80' lang='lat' dir='ltr'>amplissi·</span> <span class='ocrx_word' id='word_1_330' title='bbox 927 3663 982 3714; x_wconf 85' lang='lat' dir='ltr'>cet</span> <span class='ocrx_word' id='word_1_331' title='bbox 1003 3651 1180 3734; x_wconf 77' lang='lat' dir='ltr'>catalogue.</span> 
     </span>
    </p>

    <p class='ocr_par' dir='ltr' id='par_1_3' title="bbox 67 3749 1676 4552">
     <span class='ocr_line' id='line_1_32' title="bbox 126 3749 1672 3839; baseline -0.003 -25"><span class='ocrx_word' id='word_1_332' title='bbox 126 3755 188 3817; x_wconf 85' lang='lat' dir='ltr'>ruis</span> <span class='ocrx_word' id='word_1_333' title='bbox 204 3754 306 3819; x_wconf 84' lang='lat' dir='ltr'>rebus</span> <span class='ocrx_word' id='word_1_334' title='bbox 331 3755 422 3818; x_wconf 87' lang='lat' dir='ltr'>bello</span> <span class='ocrx_word' id='word_1_335' title='bbox 446 3775 484 3819; x_wconf 87' lang='lat' dir='ltr'>ae</span> <span class='ocrx_word' id='word_1_336' title='bbox 507 3773 588 3839; x_wconf 88' lang='lat' dir='ltr'>paee</span> <span class='ocrx_word' id='word_1_337' title='bbox 614 3753 715 3838; x_wconf 73' lang='lat' dir='ltr'>gestis</span> <span class='ocrx_word' id='word_1_338' title='bbox 737 3754 870 3818; x_wconf 84' lang='lat' dir='ltr'>immor·</span> <span class='ocrx_word' id='word_1_339' title='bbox 990 3755 1030 3816; x_wconf 89' lang='lat'>11.</span> <span class='ocrx_word' id='word_1_340' title='bbox 1045 3753 1160 3829; x_wconf 89' lang='lat' dir='ltr'>Numi,</span> <span class='ocrx_word' id='word_1_341' title='bbox 1178 3751 1214 3812; x_wconf 90' lang='lat' dir='ltr'>iu</span> <span class='ocrx_word' id='word_1_342' title='bbox 1231 3749 1348 3835; x_wconf 83' lang='lat' dir='ltr'>quibus</span> <span class='ocrx_word' id='word_1_343' title='bbox 1364 3749 1580 3813; x_wconf 78' lang='lat' dir='ltr'>restituuntur</span> <span class='ocrx_word' id='word_1_344' title='bbox 1593 3749 1672 3810; x_wconf 83' lang='lat' dir='ltr'>inre-</span> 
     </span>
     <span class='ocr_line' id='line_1_33' title="bbox 127 3851 1672 3942; baseline -0.004 -24"><span class='ocrx_word' id='word_1_345' title='bbox 127 3856 191 3919; x_wconf 85' lang='lat' dir='ltr'>tule</span> <span class='ocrx_word' id='word_1_346' title='bbox 212 3855 274 3920; x_wconf 88' lang='lat' dir='ltr'>sibi</span> <span class='ocrx_word' id='word_1_347' title='bbox 295 3877 417 3922; x_wconf 83' lang='lat' dir='ltr'>nemen</span> <span class='ocrx_word' id='word_1_348' title='bbox 438 3859 579 3942; x_wconf 87' lang='lat' dir='ltr'>peperit.</span> <span class='ocrx_word' id='word_1_349' title='bbox 614 3856 805 3924; x_wconf 79' lang='lat' dir='ltr'>Verisimile</span> <span class='ocrx_word' id='word_1_350' title='bbox 822 3879 869 3920; x_wconf 79' lang='lat' dir='ltr'>es·</span> <span class='ocrx_word' id='word_1_351' title='bbox 927 3852 1020 3938; x_wconf 82' lang='lat' dir='ltr'>gines</span> <span class='ocrx_word' id='word_1_352' title='bbox 1038 3853 1240 3939; x_wconf 86' lang='lat' dir='ltr'>principum,</span> <span class='ocrx_word' id='word_1_353' title='bbox 1260 3853 1302 3915; x_wconf 88' lang='lat' dir='ltr'>ed</span> <span class='ocrx_word' id='word_1_354' title='bbox 1318 3853 1554 3916; x_wconf 81' lang='lat' dir='ltr'>baucclassern</span> <span class='ocrx_word' id='word_1_355' title='bbox 1572 3851 1672 3934; x_wconf 84' lang='lat' dir='ltr'>perti-</span> 
     </span>
     <span class='ocr_line' id='line_1_34' title="bbox 126 3953 1669 4045; baseline -0.003 -26"><span class='ocrx_word' id='word_1_356' title='bbox 126 3979 190 4036; x_wconf 89' lang='lat' dir='ltr'>ne,</span> <span class='ocrx_word' id='word_1_357' title='bbox 218 3979 238 4024; x_wconf 87' lang='lat' dir='ltr'>s</span> <span class='ocrx_word' id='word_1_358' title='bbox 257 3959 366 4022; x_wconf 84' lang='lat' dir='ltr'>Dione</span> <span class='ocrx_word' id='word_1_359' title='bbox 394 3958 569 4045; x_wconf 86' lang='lat' dir='ltr'>postremis</span> <span class='ocrx_word' id='word_1_360' title='bbox 599 3955 653 4021; x_wconf 87' lang='lat' dir='ltr'>bis</span> <span class='ocrx_word' id='word_1_361' title='bbox 682 3957 792 4024; x_wconf 82' lang='lat' dir='ltr'>verbis</span> <span class='ocrx_word' id='word_1_362' title='bbox 810 3957 870 4020; x_wconf 81' lang='lat' dir='ltr'>eli·</span> <span class='ocrx_word' id='word_1_363' title='bbox 924 3955 1209 4038; x_wconf 86' lang='lat' dir='ltr'>nentcuruprirnis</span> <span class='ocrx_word' id='word_1_364' title='bbox 1223 3955 1334 4031; x_wconf 87' lang='lat' dir='ltr'>aenei,</span> <span class='ocrx_word' id='word_1_365' title='bbox 1350 3953 1384 4014; x_wconf 90' lang='lat' dir='ltr'>in</span> <span class='ocrx_word' id='word_1_366' title='bbox 1401 3971 1541 4037; x_wconf 81' lang='lat' dir='ltr'>quorum</span> <span class='ocrx_word' id='word_1_367' title='bbox 1556 3971 1669 4016; x_wconf 80' lang='lat' dir='ltr'>averse</span> 
     </span>
     <span class='ocr_line' id='line_1_35' title="bbox 127 4054 1666 4145; baseline -0.006 -21"><span class='ocrx_word' id='word_1_368' title='bbox 127 4059 204 4145; x_wconf 84' lang='lat' dir='ltr'>quid</span> <span class='ocrx_word' id='word_1_369' title='bbox 228 4061 384 4144; x_wconf 81' lang='lat' dir='ltr'>emplius,</span> <span class='ocrx_word' id='word_1_370' title='bbox 432 4059 630 4145; x_wconf 79' lang='lat' dir='ltr'>dignumque</span> <span class='ocrx_word' id='word_1_371' title='bbox 660 4059 792 4142; x_wconf 84' lang='lat' dir='ltr'>Trejeni</span> <span class='ocrx_word' id='word_1_372' title='bbox 820 4059 869 4120; x_wconf 90' lang='lat' dir='ltr'>iu·</span> <span class='ocrx_word' id='word_1_373' title='bbox 924 4058 1151 4140; x_wconf 85' lang='lat' dir='ltr'>prseterS.C.</span> <span class='ocrx_word' id='word_1_374' title='bbox 1168 4056 1257 4119; x_wconf 90' lang='lat' dir='ltr'>eliud</span> <span class='ocrx_word' id='word_1_375' title='bbox 1272 4055 1356 4116; x_wconf 83' lang='lat' dir='ltr'>nibil</span> <span class='ocrx_word' id='word_1_376' title='bbox 1366 4054 1526 4134; x_wconf 79' lang='lat' dir='ltr'>babetur3</span> <span class='ocrx_word' id='word_1_377' title='bbox 1546 4073 1587 4117; x_wconf 83' lang='lat' dir='ltr'>ex</span> <span class='ocrx_word' id='word_1_378' title='bbox 1600 4073 1666 4135; x_wconf 79' lang='lat' dir='ltr'>qur</span> 
     </span>
     <span class='ocr_line' id='line_1_36' title="bbox 67 4157 1666 4250; baseline -0.005 -24"><span class='ocrx_word' id='word_1_379' title='bbox 67 4239 75 4250; x_wconf 25' lang='lat'>³</span> <span class='ocrx_word' id='word_1_380' title='bbox 126 4163 223 4245; x_wconf 73' lang='lat' dir='ltr'>genio</span> <span class='ocrx_word' id='word_1_381' title='bbox 242 4165 343 4228; x_wconf 62' lang='lat' dir='ltr'>unisse</span> <span class='ocrx_word' id='word_1_382' title='bbox 366 4163 527 4241; x_wconf 81' lang='lat' dir='ltr'>additum,</span> <span class='ocrx_word' id='word_1_383' title='bbox 564 4176 598 4226; x_wconf 86' lang='lat' dir='ltr'>et</span> <span class='ocrx_word' id='word_1_384' title='bbox 626 4159 758 4248; x_wconf 84' lang='lat' dir='ltr'>quidem</span> <span class='ocrx_word' id='word_1_385' title='bbox 784 4161 868 4224; x_wconf 92' lang='lat' dir='ltr'>illud</span> <span class='ocrx_word' id='word_1_386' title='bbox 924 4157 1012 4222; x_wconf 82' lang='lat' dir='ltr'>eliud</span> <span class='ocrx_word' id='word_1_387' title='bbox 1040 4159 1228 4243; x_wconf 75' lang='lat' dir='ltr'>intelligere</span> <span class='ocrx_word' id='word_1_388' title='bbox 1261 4174 1328 4218; x_wconf 82' lang='lat' dir='ltr'>nen</span> <span class='ocrx_word' id='word_1_389' title='bbox 1354 4174 1541 4238; x_wconf 85' lang='lat' dir='ltr'>possumus,</span> <span class='ocrx_word' id='word_1_390' title='bbox 1570 4175 1666 4242; x_wconf 78' lang='lat' dir='ltr'>quern</span> 
     </span>
     <span class='ocr_line' id='line_1_37' title="bbox 126 4257 1676 4356; baseline -0.003 -32"><span class='ocrx_word' id='word_1_391' title='bbox 126 4263 249 4348; x_wconf 52' lang='lat' dir='ltr'>ipsum«,</span> <span class='ocrx_word' id='word_1_392' title='bbox 271 4265 360 4352; x_wconf 84' lang='lat' dir='ltr'>qued</span> <span class='ocrx_word' id='word_1_393' title='bbox 375 4287 414 4330; x_wconf 86' lang='lat' dir='ltr'>re</span> <span class='ocrx_word' id='word_1_394' title='bbox 430 4265 549 4330; x_wconf 78' lang='lat' dir='ltr'>iactum</span> <span class='ocrx_word' id='word_1_395' title='bbox 566 4263 732 4342; x_wconf 77' lang='lat' dir='ltr'>ridemus,</span> <span class='ocrx_word' id='word_1_396' title='bbox 754 4283 867 4327; x_wconf 72' lang='lat' dir='ltr'>eaec-</span> <span class='ocrx_word' id='word_1_397' title='bbox 923 4261 1085 4346; x_wconf 82' lang='lat' dir='ltr'>placuisse</span> <span class='ocrx_word' id='word_1_398' title='bbox 1106 4257 1200 4334; x_wconf 81' lang='lat' dir='ltr'>Tito,</span> <span class='ocrx_word' id='word_1_399' title='bbox 1228 4257 1433 4336; x_wconf 78' lang='lat' dir='ltr'>Domitiano,</span> <span class='ocrx_word' id='word_1_400' title='bbox 1454 4257 1604 4334; x_wconf 85' lang='lat' dir='ltr'>Nervae,</span> <span class='ocrx_word' id='word_1_401' title='bbox 1627 4277 1676 4356; x_wconf 71' lang='lat' dir='ltr'>ex¹</span> 
     </span>
     <span class='ocr_line' id='line_1_38' title="bbox 127 4359 1669 4450; baseline -0.003 -21"><span class='ocrx_word' id='word_1_402' title='bbox 127 4385 188 4444; x_wconf 79' lang='lat' dir='ltr'>que</span> <span class='ocrx_word' id='word_1_403' title='bbox 203 4381 329 4431; x_wconf 82' lang='lat' dir='ltr'>veteres</span> <span class='ocrx_word' id='word_1_404' title='bbox 344 4372 423 4450; x_wconf 83' lang='lat' dir='ltr'>reip.</span> <span class='ocrx_word' id='word_1_405' title='bbox 436 4389 551 4431; x_wconf 83' lang='lat' dir='ltr'>numos</span> <span class='ocrx_word' id='word_1_406' title='bbox 566 4370 764 4443; x_wconf 81' lang='lat' dir='ltr'>restituisse,</span> <span class='ocrx_word' id='word_1_407' title='bbox 782 4385 865 4450; x_wconf 85' lang='lat' dir='ltr'>quse</span> <span class='ocrx_word' id='word_1_408' title='bbox 920 4381 1115 4448; x_wconf 84' lang='lat' dir='ltr'>quecunque</span> <span class='ocrx_word' id='word_1_409' title='bbox 1142 4359 1274 4422; x_wconf 80' lang='lat' dir='ltr'>demum</span> <span class='ocrx_word' id='word_1_410' title='bbox 1307 4379 1420 4438; x_wconf 80' lang='grc' dir='ltr'><strong>οιιιιιι,</strong></span> <span class='ocrx_word' id='word_1_411' title='bbox 1453 4378 1572 4424; x_wconf 82' lang='lat' dir='ltr'>eorem</span> <span class='ocrx_word' id='word_1_412' title='bbox 1591 4359 1669 4427; x_wconf 56' lang='lat' dir='ltr'>ins·</span> 
     </span>
     <span class='ocr_line' id='line_1_39' title="bbox 131 4467 1203 4552; baseline -0.006 -23"><span class='ocrx_word' id='word_1_413' title='bbox 131 4467 278 4551; x_wconf 85' lang='lat' dir='ltr'>quidem,</span> <span class='ocrx_word' id='word_1_414' title='bbox 311 4483 367 4533; x_wconf 84' lang='lat' dir='ltr'>eat</span> <span class='ocrx_word' id='word_1_415' title='bbox 390 4470 441 4533; x_wconf 90' lang='lat' dir='ltr'>bis</span> <span class='ocrx_word' id='word_1_416' title='bbox 464 4469 581 4534; x_wconf 86' lang='lat' dir='ltr'>similia</span> <span class='ocrx_word' id='word_1_417' title='bbox 605 4468 707 4532; x_wconf 79' lang='lat' dir='ltr'>verbs</span> <span class='ocrx_word' id='word_1_418' title='bbox 729 4467 867 4552; x_wconf 80' lang='lat' dir='ltr'>Xipbili·</span> <span class='ocrx_word' id='word_1_419' title='bbox 923 4468 1017 4551; x_wconf 76' lang='lat' dir='ltr'>gines</span> <span class='ocrx_word' id='word_1_420' title='bbox 1034 4480 1203 4528; x_wconf 81' lang='lat' dir='ltr'>revocare.</span> 
     </span>
    </p>

    <p class='ocr_par' dir='ltr' id='par_1_4' title="bbox 130 4561 1666 4656">
     <span class='ocr_line' id='line_1_40' title="bbox 130 4561 1666 4656; baseline -0.005 -26"><span class='ocrx_word' id='word_1_421' title='bbox 130 4589 190 4632; x_wconf 86' lang='lat' dir='ltr'>uus</span> <span class='ocrx_word' id='word_1_422' title='bbox 215 4571 251 4634; x_wconf 88' lang='lat' dir='ltr'>in</span> <span class='ocrx_word' id='word_1_423' title='bbox 275 4569 438 4636; x_wconf 81' lang='lat' dir='ltr'>breviario</span> <span class='ocrx_word' id='word_1_424' title='bbox 470 4569 865 4636; x_wconf 79' lang='lat' dir='ltr'>suooniserit.F.ni1n·</span> <span class='ocrx_word' id='word_1_425' title='bbox 985 4567 1040 4628; x_wconf 84' lang='lat' dir='ltr'>lll.</span> <span class='ocrx_word' id='word_1_426' title='bbox 1056 4563 1110 4628; x_wconf 76' lang='lat' dir='ltr'>sd</span> <span class='ocrx_word' id='word_1_427' title='bbox 1129 4565 1211 4654; x_wconf 83' lang='lat' dir='ltr'>benc</span> <span class='ocrx_word' id='word_1_428' title='bbox 1229 4565 1407 4642; x_wconf 53' lang='lat' dir='ltr'>clarescens</span> <span class='ocrx_word' id='word_1_429' title='bbox 1398 4587 1432 4628; x_wconf 91' lang='grc' dir='ltr'>ιιι</span> <span class='ocrx_word' id='word_1_430' title='bbox 1451 4583 1513 4656; x_wconf 75' lang='lat' dir='ltr'>que</span> <span class='ocrx_word' id='word_1_431' title='bbox 1529 4561 1666 4645; x_wconf 58' lang='lat' dir='ltr'>veltffi</span> 
     </span>
    </p>
   </div>
   <div class='ocr_carea' id='block_1_3' title="bbox 162 4775 1295 4857">
    <p class='ocr_par' dir='ltr' id='par_1_5' title="bbox 162 4775 1295 4857">
     <span class='ocr_line' id='line_1_41' title="bbox 162 4775 1295 4857; baseline 0.005 -23"><span class='ocrx_word' id='word_1_432' title='bbox 162 4777 193 4846; x_wconf 76' lang='lat' dir='ltr'>s)</span> <span class='ocrx_word' id='word_1_433' title='bbox 213 4775 293 4837; x_wconf 80' lang='lat' dir='ltr'>Suet.</span> <span class='ocrx_word' id='word_1_434' title='bbox 309 4779 428 4856; x_wconf 71' lang='lat' dir='ltr'>iudup.</span> <span class='ocrx_word' id='word_1_435' title='bbox 442 4793 523 4844; x_wconf 69' lang='lat' dir='ltr'>ero.</span> <span class='ocrx_word' id='word_1_436' title='bbox 597 4779 823 4854; x_wconf 65' lang='lat' dir='ltr'>sjbbxvffl</span> <span class='ocrx_word' id='word_1_437' title='bbox 836 4784 957 4853; x_wconf 61' lang='lat' dir='ltr'>§.tn</span> <span class='ocrx_word' id='word_1_438' title='bbox 990 4775 1231 4857; x_wconf 33' lang='lat' dir='ltr'>QSeetwlesp</span> <span class='ocrx_word' id='word_1_439' title='bbox 1244 4777 1295 4840; x_wconf 78' lang='lat' dir='ltr'>lv</span> 
     </span>
    </p>
   </div>
   <div class='ocr_carea' id='block_1_4' title="bbox 0 0 2096 5500">
    <p class='ocr_par' dir='ltr' id='par_1_6' title="bbox 0 0 2096 5500">
     <span class='ocr_line' id='line_1_42' title="bbox 0 0 2096 5500; baseline 0 1"><span class='ocrx_word' id='word_1_440' title='bbox 0 0 2096 5500; x_wconf 95' lang='lat' dir='ltr'> </span> 
     </span>
    </p>
   </div>
  </div>
 </body>
</html>
