4180 5484
663 549 856 622 erola.
886 549 1080 622 Fluit.
1576 571 1646 632 tot

97 719 387 806 redintegrandum
417 717 652 802 Pompeiorum
691 717 844 802 anapieiia
899 717 964 782 riua
989 717 1193 800 eonjeoturaa
1216 717 1461 802 llareroampaa
1483 716 1530 780 ad
1557 719 1645 782 laeua

97 827 241 896 beilum,
271 836 369 905 utque
392 819 443 882 laia
466 807 561 884 vietie
582 819 768 884 adhaesione
788 817 845 884 de·
900 839 1032 882 namura
1065 833 1320 894 commemorat,
1356 819 1473 904 quibua
1506 822 1644 884 recitan-

98 947 208 1000 mom,
230 925 307 988 Sea.
321 921 500 1004 Pompeio,
522 921 615 1002 eujua
631 919 845 986 aete-LEGa·
901 920 953 984 die
974 919 1140 996 absonae,
1170 921 1321 1005 queniam
1355 921 1484 1008 longiae
1508 925 1643 986 aroeaai·

98 1041 170 1092 tum
187 1028 338 1088 inoumo
351 1022 540 1122 profitetur.
901 1020 1134 1086 taerideutur.
1175 1020 1330 1084 Occurrit
1347 1023 1412 1088 lieo
1434 1023 1525 1102 loeo,
1554 1025 1643 1110 qaod

161 1127 244 1192 Para
262 1127 399 1190 adverae
424 1123 494 1188 ol)
485 1136 639 1188 intortam
659 1124 727 1186 latai
746 1123 844 1208 capiti
900 1123 1005 1185 refert
1021 1121 1183 1184 Luoianua
1200 1123 1247 1202 ·,)
1264 1125 1550 1209 praestigiatorem
1567 1125 1644 1190 ate-

97 1251 188 1296 atam
205 1249 279 1293 oum
298 1237 452 1312 torpente
472 1224 588 1310 digna,
618 1225 672 1290 oui
694 1227 844 1288 nonnihil
900 1225 1059 1288 :andrum
1083 1243 1158 1286 oum
1184 1225 1385 1307 perauatlere
1404 1227 1644 1291 abonotiahitia

98 1335 328 1394 immoremur.
363 1327 455 1392 ldem
474 1327 605 1391 omuino
630 1328 843 1410 typoaeatia
900 1325 1020 1401 vellet,
1055 1341 1164 1387 uatum
1188 1327 1309 1386 iterum
1333 1328 1420 1409 apud
1443 1349 1502 1391 eoa
1520 1331 1644 1393 Aeaeu-

96 1433 214 1498 aeueia
260 1430 420 1494 aimilibaa
454 1428 572 1492 Rubrii
608 1429 767 1507 Demetri,
807 1441 844 1490 et
901 1425 1041 1513 lapium‚
1063 1447 1182 1491 reeeaa
1198 1425 1324 1491 editum
1346 1443 1535 1514 aerpentem
1551 1451 1646 1495 arua·

98 1533 189 1600 ltaod
206 1531 307 1596 dabie
326 1531 494 1616 utrimque
514 1527 606 1592 numi
623 1529 748 1594 eodem
765 1543 848 1593 tem·
904 1541 977 1592 tute
997 1528 1097 1592 multa
1108 1543 1183 1594 arte
1200 1546 1264 1592 oro
1280 1533 1433 1595 aaaerino
1461 1531 1643 1610 includere,

99 1655 185 1720 pore
199 1649 275 1698 aaut
289 1632 416 1718 aignati.
452 1631 615 1716 serpente
629 1631 765 1696 iudicari
781 1635 847 1696 Aa·
902 1647 1043 1715 eumque
1071 1629 1148 1694 inde
1174 1645 1374 1720 pretraotum
1403 1633 1543 1700 adatauti
1568 1654 1646 1700 con·

100 1737 301 1822 aeulapium,
333 1734 497 1819 eolligunt
527 1731 650 1796 eruditi
679 1753 722 1796 ex
745 1751 845 1796 nume
898 1731 1006 1797 i'ertae
1031 1721 1230 1796 multitudini
1252 1747 1449 1812 oateutaaae,
1485 1738 1644 1820 querire

101 1839 168 1902 alie
195 1837 313 1901 Rubrii
350 1857 456 1902 aeneo
495 1854 644 1921 quoque,
680 1833 719 1896 iu
753 1835 845 1918 cujea
898 1833 1130 1898 adclamatume
1161 1837 1335 1901 eaimvero
1360 1835 1412 1900 bia
1441 1851 1551 1900 uatum
1579 1841 1644 1902 Ae·

100 1961 216 2006 avena
232 1939 347 2004 aimilia
372 1961 447 2016 ara,
468 1958 585 2014 evum,
613 1957 769 2020 aerpena.
792 1937 846 2000 ad·
901 1937 1099 2022 aculapium‚
1121 1937 1220 2024 idque
1239 1959 1304 2000 nou
1322 1957 1364 2000 ex
1382 1938 1565 2015 Coronide,
1588 1959 1646 2004 ne·

103 2041 214 2104 atituta
238 2061 337 2126 prora
360 2041 468 2118 uaria,
496 2058 562 2125 quo
585 2051 664 2120 typo
688 2037 777 2119 ajunt
798 2038 845 2099 iu·
902 2057 966 2122 que
988 2059 1030 2102 ex
1051 2039 1201 2117 out-uice,
1229 2039 1288 2102 aed
1310 2061 1353 2103 ex
1374 2059 1501 2104 enuere.
1545 2040 1646 2108 Vide·

103 2145 207 2208 dieari
231 2143 461 2226 Aesculapium
487 2141 651 2226 aerpeutia
674 2139 845 2223 apeeie'ab
901 2151 957 2200 tur
988 2153 1082 2204 retae
1107 2139 1221 2225 aliqua
1251 2141 1411 2228 nolamque
1441 2141 1645 2228 incomperta

102 2245 270 2328 Epidauro
297 2243 372 2306 navi
395 2243 568 2307 itt'urbem
592 2242 781 2318 advectum,
808 2253 847 2303 et
901 2238 1003 2304 itiam
1029 2239 1156 2319 labala,
1190 2263 1273 2328 qaae
1297 2241 1484 2328 Aeaoulapii
1510 2265 1645 2330 aet-pea-

100 2347 203 2410 luiaae
225 2344 312 2408 lorte
328 2344 478 2408 Rubriae
495 2343 603 2427 gentio
627 2343 770 2428 aliquem
795 2342 846 2404 in·
900 2355 990 2420 tem,
1015 2356 1071 2406 aut
1086 2341 1178 2406 iarte
1202 2345 1308 2428 ipaum
1325 2347 1556 2432 Aeaeuiapium
1572 2367 1645 2410 eor·

100 2461 153 2512 ter
181 2447 325 2530 legurm,
361 2447 417 2532 qui
449 2445 491 2509 ad
520 2445 758 2528 deportandum
787 2465 845 2506 rtu-
900 2445 983 2507 nicia
1011 2464 1075 2508 ore
1102 2445 1262 2510 inelaaum
1291 2446 1459 2526 docuerit,
1493 2469 1567 2512 uam
1594 2470 1645 2513 ae·

98 2567 177 2612 mea
197 2547 287 2610 miaai
309 2547 419 2612 luere.
450 2547 540 2610 latud
558 2547 587 2610 ai
610 2567 742 2622 rerum,
767 2546 846 2609 lica·
901 2565 959 2609 oaa
988 2561 1044 2610 aut
1064 2547 1200 2610 Luoiaai
1230 2546 1350 2626 rerba,
1381 2561 1437 2612 aut
1463 2549 1642 2613 Alexandri

98 2649 149 2714 hit
171 2649 260 2714 idem
291 2647 333 2712 de
359 2649 467 2734 Eppio
492 2668 624 2735 quoque
657 2648 843 2730 ooajieera,
900 2645 991 2710 iaaua
1023 2647 1128 2711 minua
1155 2661 1230 2733 apte
1259 2648 1494 2718 cohaerebunt.
1538 2651 1643 2731 Vide,

97 2753 253 2840 queniam
277 2751 445 2836 utrimque
474 2752 568 2812 aurai
594 2749 741 2834 ejusdem
770 2749 844 2812 iere
900 2769 984 2836 quae
995 2747 1038 2812 de
1051 2763 1217 2833 arpenta,
1236 2750 1373 2838 ejuaque
1390 2771 1464 2814 oum
1478 2773 1543 2817 ovo
1554 2775 1644 2818 nexu

97 2867 174 2916 eant
190 2855 335 2916 ratioaia.
367 2855 516 2918 Praestat
536 2851 663 2916 interea
688 2851 769 2914 nihil
789 2849 849 2914 ad·
899 2852 994 2935 plura
1017 2871 1058 2914 ex
1078 2851 1317 2935 Aegyptiorum
1344 2853 1545 2941 mythologia
1566 2877 1643 2922 eoa·

96 2953 243 3018 liratare.
284 2953 516 3040 lnquireudutn
535 2953 659 3027 etiam,
698 2971 758 3015 eut·
779 2953 846 3016 Ae·
900 2953 1060 3037 geaaitol
1078 2950 1254 3034 salaai).

92 3055 236 3140 acuiapii
253 3075 391 3141 aerpeua
413 3075 479 3124 ore
498 3055 662 3140 impleam
682 3053 734 3120 ait.
779 3053 845 3120 Va·

731 3367 1002 3450 EPRIA.

158 3567 229 3634 Sub
239 3567 445 3652 Veapaaiaue
459 3567 601 3650 primum
616 3566 737 3652 Eprius
749 3559 840 3630 'llar-
895 3565 1039 3640 tribute,
1072 3563 1132 3629 aed
1163 3585 1262 3652 quem
1285 3567 1393 3653 potiua
1415 3569 1642 3636 vindicandam

92 3669 201 3736 oollae
218 3682 436 3744 memoratur,
467 3667 603 3754 ejusque
623 3671 747 3734 mentio
771 3684 839 3732 tan·
894 3669 997 3750 Cyme
1017 3667 1186 3747 Aeolidia,
1213 3669 1249 3732 io
1274 3669 1370 3756 hajua
1399 3673 1506 3736 numia
1535 3673 1642 3758 diupo·

94 3793 191 3855 qaam
216 3769 423 3858 proeoaaulia
438 3769 476 3833 lit
499 3773 596 3836 etiam
614 3771 649 3834 iu
666 3785 843 3836 autonomo
898 3769 979 3848 tari,
1002 3790 1084 3856 quoa
1102 3769 1187 3836 ride.

93 3891 220 3952 aenae,
251 3886 392 3957 utreque
413 3872 550 3938 antehae
578 3875 687 3960 Cypro
714 3873 841 3938 iuaelae

738 4187 1011 4272 ertA.

156 4387 253 4452 Getta
271 4387 421 4470 patrieia,
443 4386 523 4476 qaia
542 4397 577 4452 et
595 4384 724 4462 divina,
744 4386 843 4454 dueta
899 4387 1127 4475 cognomiea'
1117 4405 1151 4452 m
1164 4385 1286 4449 mutia
1311 4385 1565 4470 Hispaniensis,
1580 4393 1645 4457 La·

91 4491 132 4556 ab
163 4489 333 4569 flea-aule,
369 4493 398 4557 ai
431 4489 515 4558 lidae
543 4490 627 4554 Silio
655 4489 769 4556 ltaliae
799 4497 841 4576 ο).
898 4491 975 4568 dea,
1001 4492 1190 4565 maximas,
1216 4489 1336 4552 Pictor.

129 4799 164 4868 a)
187 4797 219 4855 lu
234 4795 441 4855 Peeudomant.
514 4799 551 4874 o)
571 4793 691 4872 voyage
705 4793 790 4856 tttl.
805 4811 836 4872 p·
847 4795 908 4860 126·
981 4797 1013 4868 e)
1032 4792 1134 4853 Punic.
1151 4791 1240 4852 avt
1258 4795 1319 4858 62¹?t
