4180 5484
726 565 1040 642 conuenta.
1281 569 1287 580 ·
1574 535 1653 656 '185

105 737 319 798 Caesareana
341 732 517 816 conjuratis
544 734 771 816 interiectum,
802 735 852 800 his
909 733 1087 812 siluisset,
1112 753 1190 796 num
1206 733 1360 798 tacuisset
1373 733 1491 801 Cicero
1509 739 1650 806 volatum

105 855 181 899 sese
202 833 412 919 impudenter
433 835 579 910 miscuit,
603 852 759 925 ‚tanquam
781 839 852 922 ipse
908 850 1120 922 praepetum,
1157 833 1313 918 garritum
1349 837 1512 920 oscinum,
1547 842 1654 926 pullu-

106 935 218 1002 caudis
237 937 402 1024 particeps
427 937 560 1015 fuisset,
590 939 624 1000 iu
652 941 743 1024 cujus
767 961 854 1004 com·
907 960 981 1000 rum
1024 949 1168 1022 pastum,
1219 933 1395 1017 tripudium
1444 941 1654 1018 solistimum,

107 1039 296 1102 munionem
330 1037 488 1103 admissus
522 1061 685 1124 nunquam
721 1041 783 1104 luit
812 1044 853 1124 ι).
910 1059 992 1124 quae
1018 1035 1187 1103 obseruari
1211 1057 1369 1122 augurum
1392 1039 1476 1104 fuit?
1511 1043 1555 1107 At
1574 1065 1656 1112 uero

108 1139 275 1203 Continuo
301 1155 377 1225 post
404 1162 446 1206 ex
473 1142 506 1204 S.
529 1143 565 1205 C.
593 1141 627 1204 in
654 1143 761 1206 Asiam
791 1163 852 1228 pro
910 1139 1012 1224 lilium
1038 1159 1198 1222 augurem
1224 1139 1347 1204 diserto
1372 1139 1453 1205 dixit
1473 1143 1587 1210 citatus
1606 1167 1658 1208 su·

105 1253 281 1324 quaestore
311 1261 374 1326 pro
402 1256 557 1326 praetore
590 1242 778 1326 profectus,
817 1257 854 1306 ut
910 1261 969 1324 pra
998 1239 1073 1303 Dio.
1109 1239 1241 1303 Patrem
1271 1241 1367 1304 etiam
1394 1263 1432 1306 ac
1460 1242 1561 1307 lulium
1591 1267 1659 1319 meg

105 1342 279 1426 uectigalia
308 1343 341 1405 iu
370 1345 567 1428 potestatem
598 1343 784 1428 redigeret,
819 1358 854 1407 et
912 1355 1018 1404 morat
1045 1327 1182 1418 Ciee'ro,
1217 1359 1291 1404 cum
1320 1357 1445 1420 narrat,
1481 1343 1656 1430 profligato

106 1443 316 1507 Dolabellam
335 1443 463 1508 hostem
485 1445 567 1528 reip.
584 1437 760 1528 judicatum
780 1466 856 1528 per·
912 1445 946 1505 iu
984 1439 1154 1504 Thessalia
1192 1441 1352 1526 Pompeio
1399 1443 1491 1506 illum
1521 1438 1656 1524 Rhodi,

106 1559 306 1632 sequeretur
325 1543 368 1628 b).
404 1545 531 1610 indicto
550 1545 688 1610 subinde
707 1545 854 1610 Caesaris
912 1545 999 1608 hunc
1012 1539 1229 1606 Alexandriae
1245 1558 1482 1608 commoratum
1503 1543 1542 1626 s).
1571 1547 1660 1643 Quid

106 1647 358 1730 percussoribus
391 1645 483 1711 bello
522 1667 600 1710 suae
634 1647 705 1731 ipse
743 1647 855 1712 salutis
894 1645 1036 1708 -multal
1057 1658 1183 1727 patrem
1203 1643 1405 1734 perbellum
1424 1647 1659 1732 Pompejanum

106 1767 203 1809 causa
221 1747 327 1831 Bruto
353 1749 531 1833 Cassioque
554 1747 716 1826 adhaesit,
742 1761 778 1812 ut
798 1747 855 1811 do·
913 1761 1077 1809 mortuum
1103 1765 1200 1828 supra
1227 1764 1269 1808 ax
1295 1745 1367 1828 ipso
1392 1747 1551 1813 Cicerone
1578 1749 1661 1813 indi·
1702 1822 1708 1832 ⁶

109 1861 186 1910 cent
204 1848 364 1930 propositi
383 1827 518 1916 dedarii.
660 1930 663 1938 μ
913 1848 994 1913 cari.
1026 1849 1151 1910 Tamen
1172 1845 1241 1909 lilio
1261 1867 1384 1932 negare
1405 1850 1475 1911 ausi
1497 1869 1564 1913 non
1586 1865 1660 1913 sunt

172 1949 263 2013 llaec
292 1963 440 2014 enarrata
470 1951 606 2034 priores·
628 1947 710 2013 duos
738 1971 855 2013 numos
913 1967 1047 2010 numum
1085 1961 1305 2031 postremum,
1345 1949 1401 2033 qui
1431 1964 1505 2013 anta
1538 1972 1656 2016 annum

109 2052 211 2133 plene
239 2049 412 2136 explicant.
447 2053 491 2115 At
518 2073 577 2115 eos
604 2053 795 2120 Vnillantius
823 2065 858 2116 et
913 2049 954 2117 V.
973 2051 1010 2116 C.
1037 2067 1099 2132 727
1128 2064 1265 2134 propter
1288 2047 1431 2113 additum
1459 2051 1597 2136 Augusti
1623 2055 1661 2114 ti·

109 2153 356 2234 llarcroampus
382 2171 457 2217 cum
486 2153 656 2238 Spintheri
687 2153 772 2236 patri
800 2151 857 2214 tri·
914 2151 1018 2214 tulum
1046 2151 1167 2234 signari
1189 2171 1255 2214 non
1277 2153 1391 2237 potuit.
1437 2151 1601 2243 Quotam
1625 2155 1659 2214 in

111 2253 230 2330 buunt,
266 2273 385 2336 magno
414 2275 451 2318 se
479 2255 609 2339 piaculo
639 2253 856 2338 obstringunt.
915 2272 1052 2317 munere
1083 2253 1276 2316 constitutus
1305 2253 1474 2318 denarium
1499 2255 1588 2318 hunc
1614 2255 1662 2318 ie·

108 2357 213 2418 Causa
236 2353 401 2419 abnormis
423 2357 551 2440 peccati
573 2357 652 2434 luit,
676 2355 765 2440 quod
786 2375 857 2418 cre·
914 2355 1026 2430 rierit,
1050 2351 1205 2417 decidere
1228 2377 1358 2420 vereor.
1392 2359 1436 2419 At
1458 2377 1498 2417 eu
1521 2357 1580 2418 tibi
1600 2356 1660 2420 ite-

110 2456 247 2533 didare,
271 2470 398 2539 patrem
426 2457 625 2542 luisse,qui
650 2457 856 2520 Caesarisse
914 2475 987 2524 rum
1008 2455 1218 2523 Vaillantium
1248 2469 1282 2518 et
1307 2457 1586 2543 Harercampum,
1619 2459 1663 2519 ll·

108 2577 342 2642 percussorem
359 2558 505 2636 ferebat,
525 2579 665 2644 eumque
683 2559 780 2634 item,
802 2556 858 2642 qui
915 2557 1003 2624 siros
1024 2555 1058 2618 iu
1083 2557 1271 2619 muneribus
1297 2555 1481 2621 dividundis
1506 2561 1664 2632 exercita·

109 2681 151 2724 ex
186 2659 222 2723 S.
244 2659 281 2726 C.
303 2659 419 2723 missus
445 2661 479 2722 iu
502 2661 609 2724 Asiam
637 2681 710 2724 sese
737 2659 856 2722 deinde
915 2659 1055 2722 tissimus
1076 2659 1371 2747 paratissimosque.
1401 2659 1576 2748 Fuisseab
1598 2663 1664 2724 Au·

109 2751 190 2824 cuua'
203 2761 307 2823 Bruto
326 2775 360 2824 ct
375 2763 486 2826 Cassio
503 2763 680 2846 conjunxit.
707 2763 752 2824 At
771 2763 856 2825 enim
916 2767 1011 2844 gusto
1043 2761 1251 2824 constitutum
1278 2763 1429 2825 Illrirum
1464 2765 1662 2828 monetalem

108 2889 149 2926 an
171 2861 367 2940 verisimile,
391 2885 458 2928 non
477 2879 561 2942 tam,
582 2864 688 2928 virum
712 2861 859 2926 consula·
915 2861 1121 2926 coulidcuter
1140 2861 1304 2928 adserunt.
1327 2865 1420 2948 Ergo
1434 2863 1478 2940 is,
1498 2861 1553 2947 qui
1570 2865 1611 2930 V.
1625 2865 1661 2928 C.

108 2987 181 3028 rem
207 2977 242 3027 et
262 2964 492 3050 triumphalem
515 2987 556 3030 ex
578 2967 611 3032 S.
635 2967 672 3030 C.
699 2983 859 3046 proquae·
915 2963 978 3045 bqp
1001 2963 1061 3025 luit
1081 2985 1202 3046 augur,
1225 2985 1289 3045 7¹⁰
1306 2987 1366 3048 pro
1384 2979 1536 3048 praetore
1552 2965 1661 3046 Asiam

110 3081 204 3130 sture
231 3080 447 3151 propraetore
476 3069 510 3129 iu
535 3065 734 3150 prouinciam
760 3065 860 3141 mitti,
917 3065 1020 3137 rexit,
1042 3063 1171 3126 taudem
1196 3078 1270 3149 post
1289 3087 1407 3128 anuum
1431 3065 1662 3148 7a7admotus

108 3189 208 3254 quam
236 3168 404 3232 bominem
430 3183 607 3250 provectae
637 3167 701 3250 jam
730 3167 860 3242 aetatis,
917 3167 958 3228 ab
971 3165 1119 3248 Augusta
1136 3179 1186 3228 eat
1202 3166 1340 3242 muneri,
1358 3165 1446 3250 quod
1465 3165 1660 3250 principium

109 3271 205 3354 cujus
232 3268 368 3333 obtentu
395 3269 537 3356 quinque
565 3281 658 3334 retro
680 3269 770 3334 anuis
798 3267 861 3333 sibi
917 3267 979 3330 fuit
995 3287 1099 3352 remp.
1116 3267 1266 3346 adeunti,
1295 3279 1329 3330 et
1349 3267 1402 3331 cui
1423 3269 1536 3333 aetatis
1560 3291 1661 3331 annus
1756 3321 1760 3334 .

109 3393 192 3460 prae
220 3371 357 3437 aemulis
384 3371 607 3456 pontificatum
634 3393 718 3437 max.
744 3369 861 3434 deberi
917 3367 988 3432 XX.
1011 3371 1074 3454 jam
1099 3369 1251 3434 suffecit?
1286 3369 1482 3454 Adoptatum
1504 3395 1521 3434 a
1540 3371 1663 3435 Manlio

110 3475 237 3540 acriter
259 3473 428 3538 comendit
449 3473 505 3555 c)‘l
535 3471 624 3569 Quid
645 3494 726 3540 vero
747 3473 786 3538 ad
808 3497 861 3558 pa·
918 3492 960 3538 ex
985 3473 1094 3537 Dione
1120 3471 1276 3550 vidimus,
1302 3493 1416 3538 verum
1441 3473 1531 3537 nulla
1555 3475 1587 3536 in
1613 3474 1663 3535 lais

109 3593 199 3641 trem
224 3565 411 3662 propositus
438 3573 472 3638 in
499 3574 552 3638 his
579 3575 721 3639 denariis
744 3576 861 3654 lituus,
919 3575 1060 3640 denariis
1089 3595 1130 3639 ax
1161 3595 1352 3660 quacunque
1378 3595 1474 3639 causa
1496 3577 1565 3656 ejus
1589 3573 1664 3666 ado·

112 3701 213 3764 quem
230 3697 386 3763 augurem
406 3675 508 3740 luisse
525 3697 592 3740 nou
608 3677 755 3742 constat?
777 3679 862 3740 Pon·
919 3679 1039 3764 ptiouis
1059 3677 1206 3761 vestigia.

114 3781 238 3846 tilicem
263 3783 486 3843 eum'tautum
510 3777 653 3864 appellat
673 3779 790 3843 Cicero
814 3781 862 3862 d),
1180 3807 1199 3845 s
1282 3759 1302 3798 ⁴³
1386 3807 1405 3844 s

113 3901 147 3947 et
166 3883 233 3946 alio
252 3883 328 3945 loco
351 3885 397 3966 θ),
422 3901 495 3946 cum
518 3881 589 3965 ejus
613 3879 776 3966 pontilicis
795 3901 864 3944 mu·
925 3884 1047 3948 Cossus
1064 3881 1238 3945 Lentulus.

113 3987 168 4048 nia
198 3983 425 4068 persequitur,
456 3983 538 4048 haec
562 3985 624 4048 ait:
662 3999 695 4047 te
718 3985 862 4069 appello,
1083 3977 1328 4051 AVGVS‘I'VS.
1350 3977 1454 4048 DIVI.
1476 3979 1514 4042 F.
1560 3979 1666 4059 eaput
1750 4031 1753 4036 .

111 4085 270 4164 Lentule,
286 4087 339 4148 tal
349 4089 531 4152 sacerdotii
538 4085 775 4161 suattlseasue,
793 4107 865 4149 cur·
1084 4085 1250 4166 Augusti.

116 4189 252 4263 ricula,
276 4181 498 4270 ”praesentim
538 4189 613 4252 ludi
621 4233 630 4266 ,
670 4187 863 4266 libationes,
922 4185 1099 4254 COSSVS.
1120 4185 1186 4251 CN.
1206 4183 1244 4245 F.
1262 4181 1511 4251 LENTVLVS.
1543 4181 1666 4262 Statua

111 4287 296 4370 aperlaeqao
320 4289 470 4354 ludorum
491 4291 711 4374 publicorum.
749 4289 865 4374 Augur
921 4293 1082 4383 equestris
1107 4291 1174 4352 viri
1195 4285 1327 4370 galeati
1352 4285 1510 4366 paludati
1542 4285 1587 4348 ut'
1603 4297 1671 4347 tro·

112 4519 1666 4555 ..ῳ-Μ

154 4711 518 4790 sjrsppiuu.B.C.L.11.
604 4715 639 4782 bl
662 4713 782 4772 Cic.sd
796 4709 1178 4788 rum.1..xtl.ep.st.1s.
1262 4711 1293 4780 c)
1314 4710 1399 4765 Caes.
1415 4706 1488 4764 Bell.
1509 4701 1669 4766 eiv.1..111.

116 4813 201 4868 aas.
284 4801 318 4874 d)
339 4803 377 4860 de
391 4803 515 4884 liarusp.
532 4827 610 4884 resp.
628 4809 691 4871 c.6.
772 4801 995 4878 elibid.c·tt·
1077 4799 1163 4874 Osd
1180 4797 1377 4858 Anic.1..x1.
1395 4811 1495 4873 ‹tp-15.

183 4911 350 4996 (νοιν.)
417 4912 423 4926 ·
1360 4907 1429 4971 sa
