4180 5484
662 541 666 550 .
792 461 1023 568 contra.
1612 513 1677 579 tta

135 657 285 738 ttet‚'iu
310 657 466 742 judicium
492 657 581 723 venit
606 657 675 722 tola
699 657 878 744 epigraphe
936 659 1073 724 ritimiio
1101 659 1239 722 diximot
1261 661 1337 726 Vol.
1359 661 1415 728 tv.
1445 677 1478 744 p;
1501 665 1575 740 248.
1614 665 1677 726 Hie

131 766 179 830 M.
197 761 359 828 NERVA.
380 756 514 851 PttoQ.
534 760 587 836 tt,
612 781 708 843 quam
734 781 808 826 erae
835 759 882 822 le·
937 763 1046 826 Nerva
1061 762 1191 827 favente
1206 765 1250 826 tt.
1264 763 1587 846 Antonioprooettit
1601 784 1677 828 oon-

131 863 272 958 peudam
285 859 805 955 PROQuaertoreProproetore‚
826 883 880 928 vo·
934 865 988 926 aul
1007 865 1047 932 V.
1063 865 1100 930 C.
1119 869 1182 940 τιὸ
1200 865 1329 948 collega
1346 867 1386 930 L.
1401 865 1523 930 Gellio.
1632 961 1640 968 ι

738 1149 1068 1237 ὈΟΕΗΑ

198 1353 289 1416 Gens
311 1349 450 1435 plebeia.
493 1349 695 1433 Cognomina
715 1349 749 1411 iu
770 1349 877 1413 nuntia
1073 1354 1173 1416 illinc
1188 1377 1274 1439 uper.
1297 1357 1339 1421 In
1358 1359 1457 1422 aliis:
1477 1359 1555 1422 ltirtc
1566 1361 1676 1443 pilum

134 1453 278 1528 Caldus,
300 1449 388 1536 quoti
404 1450 492 1522 idem
509 1465 559 1514 eat
574 1471 611 1514 ao
631 1451 782 1530 Calidas,
803 1475 877 1515 nam
1075 1455 1209 1532 hastae,
1246 1459 1344 1522 illino
1368 1461 1528 1522 vexillum
1552 1461 1673 1523 simile.

132 1567 169 1618 et
183 1551 321 1638 perinde
338 1565 467 1615 reterea
485 1551 599 1615 dixero
616 1552 727 1629 vaide,
745 1566 778 1614 et
796 1555 879 1614 vatt-
1073 1555 1115 1618 In
1132 1557 1229 1619 aliis:
1252 1559 1346 1639 Aper
1361 1562 1481 1624 hastili
1494 1558 1673 1642 praestrue.

131 1660 183 1720 de.
207 1654 292 1718 Novi
307 1653 472 1739 equidem,
490 1651 602 1717 dicero
621 1653 815 1716 Ciceronem
832 1655 876 1732 ¹):
935 1653 972 1718 C,
994 1655 1178 1722 CALDVS.
1200 1659 1288 1722 tttP.
1308 1659 1351 1726 A.
1369 1660 1409 1724 X.
1435 1665 1609 1742 (scriptum
1634 1663 1675 1722 tt·

132 1771 172 1818 ut
196 1757 229 1819 si
250 1759 416 1834 dieamus,
450 1757 574 1819 idcirco
600 1753 743 1834 aliquem
770 1755 880 1815 CAL·
935 1759 1017 1832 teris
1034 1761 1377 1842 perpendicularibua)
1408 1759 1537 1824 Numen
1555 1781 1675 1844 propo·

131 1857 209 1922 DV
208 1857 250 1918 M
264 1861 394 1934 vocari,
418 1859 507 1935 quod
524 1857 699 1918 temerario
716 1867 751 1918 et
768 1876 880 1936 repert·
933 1859 1036 1920 situm
1061 1859 1098 1918 iu
1124 1858 1348 1940 lectisternio,
1381 1865 1438 1922 cui
1461 1866 1674 1943 inscriptum:

132 1962 206 2022 tino
224 1960 365 2021 consilio
382 1961 443 2034 sit,
461 1971 492 2020 at
508 1955 572 2020 hoo
588 1955 693 2039 ipaum
711 1957 877 2040 metaplto·
933 1958 972 2020 L.
993 1957 1175 2022 CALDVS.
1200 1960 1502 2028 vt1v1R.EPvL.
1533 1963 1613 2024 itinn
1641 1977 1675 2024 et

131 2057 238 2123 riuum
270 2073 320 2121 ett
346 2057 477 2122 tinctum
503 2081 522 2121 u
548 2058 660 2121 calore
689 2059 796 2120 animi.
839 2063 877 2121 Io
931 2057 1030 2120 illino
1052 2069 1236 2140 tropaeum,
1259 2063 1297 2124 irt
1319 2065 1385 2124 into
1409 2063 1594 2132 CALDVS.
1617 2065 1675 2126 111·

131 2181 233 2223 numo
249 2161 389 2224 Nicaeae
407 2159 550 2235 Balbus,
567 2159 609 2222 tie
626 2179 691 2244 quo
709 2159 783 2226 ride
802 2180 876 2244 pru·
932 2159 1019 2226 VIR.
1041 2161 1112 2222 att.
1130 2163 1170 2223 tt.

132 2265 311 2348 legomena
327 2261 368 2325 ad
383 2280 500 2323 numos
517 2261 700 2343 Bithyniae.
1074 2263 1111 2325 C.
1131 2261 1261 2330 cont.
1283 2263 1466 2331 CALDVS.
1486 2263 1581 2330 COS.
1612 2264 1673 2328 Cu-

389 2409 410 2447 ,
495 2363 516 2400 '⁵
599 2407 619 2444 ,
1064 2377 1130 2446 put
1149 2365 1244 2428 virile
1264 2368 1386 2428 nudum
1405 2369 1563 2442 imberba,
1587 2387 1674 2448 poue

276 2465 382 2548 Caput
401 2465 554 2528 Palladis
569 2465 708 2524 alatum.
1073 2466 1211 2540 tabella,
1234 2469 1290 2528 oui
1307 2469 1521 2548 inscriptum:
1542 2467 1583 2534 L.
1598 2469 1644 2536 D.

132 2565 261 2630 effi).
292 2567 447 2628 Inaiiis:
474 2564 512 2630 C.
530 2561 790 2628 comeant).
818 2563 876 2622 Vi·
931 2565 1115 2632 CALDVS.
1140 2567 1272 2633 tttvltt.
1310 2567 1421 2652 Caput
1445 2567 1534 2631 Solis
1561 2573 1672 2636 radio·

131 2671 241 2730 ctorio
257 2671 295 2732 itt
312 2669 391 2730 citis
409 2666 512 2748 bigis,
540 2667 577 2728 itt
595 2685 674 2727 osea
693 2665 806 2728 uariae
826 2661 875 2722 al·
930 2679 1018 2742 tum,
1040 2679 1118 2728 ante
1136 2671 1223 2746 quod
1239 2668 1565 2751 elppeuerotundus‚
1585 2683 1674 2754 putto
1783 2739 1793 2758 1

125 2768 266 2850 pltabeti
282 2769 411 2833 literae.
434 2767 504 2830 att.
521 2765 558 2828 C.
930 2767 1065 2849 clypeus
1091 2770 1261 2852 oblongus.
1299 2769 1370 2838 AV.
1402 2769 1522 2852 (Lieba
1549 2791 1582 2854 p.
1602 2771 1671 2852 at.)

273 2865 383 2952 Caput
400 2870 503 2944 idem,
521 2887 607 2950 poue
623 2863 667 2932 X.
930 2869 1062 2934 uttan.
1085 2871 1156 2931 att.
1171 2871 1211 2932 tt.

127 2969 167 3034 L.
179 2967 294 3036 coto.
313 2967 475 3032 Dioscuri
482 2973 619 3049 equites,
634 2961 871 3050 tnfiattotta„
992 2973 1074 3033 Sunt
1096 2971 1129 3032 hi
1151 2969 1277 3034 denarii
1298 2971 1432 3053 insignia
1453 2973 1530 3034 ortis
1550 2985 1584 3036 ot
1603 2975 1671 3038 eie·

132 3071 254 3136 AR.C.
929 3073 1066 3156 gantiae.
1110 3071 1201 3132 Sistit
1230 3073 1334 3134 antica
1361 3090 1426 3132 non
1452 3091 1572 3135 nomeu
1602 3097 1670 3136 nto·

268 3171 396 3233 Eadem
418 3161 590 3236 aduersu.'
928 3173 990 3250 do,
1025 3171 1085 3235 sed
1115 3183 1152 3233 et
1185 3172 1329 3252 effigiem
1358 3172 1396 3236 C.
1421 3173 1526 3235 Coelii
1559 3175 1667 3251 caldi,

127 3273 165 3340 Ρ.
183 3273 311 3336 CALD.
340 3271 473 3343 Mulier
491 3276 527 3334 in
546 3273 625 3334 citis
644 3271 748 3354 bigis,
773 3289 871 3349 quam
928 3275 983 3358 qui
1012 3273 1160 3336 tribunae
1189 3273 1233 3356 pl.
1264 3273 1305 3338 V.
1327 3272 1363 3334 C.
1392 3271 1453 3354 (to7
1483 3273 1594 3358 legem
1624 3291 1669 3340 ta·

128 3374 289 3437 advolans
310 3391 445 3453 superne
469 3375 621 3434 Victoria
638 3383 795 3445 -coronut,
823 3375 873 3432 in·
927 3375 1096 3439 bellaniam
1116 3365 1151 3438 'a
1189 3376 1227 3441 L.
1257 3374 1367 3438 Caesio
1404 3375 1556 3460 Longino
1592 3395 1667 3442 ante

117 3477 182 3563 sru
200 3473 342 3538 ROMA.
366 3475 436 3538 alt.
455 3475 495 3537 tt.
523 3547 526 3554 Ι
802 3516 807 3526 ·
927 3479 1118 3542 sexennium
1144 3479 1260 3553 latam,
1299 3489 1334 3538 ut
1362 3476 1395 3538 in
1425 3477 1566 3541 denariis
1594 3483 1668 3544 Cas·

190 3575 280 3638 Nihil
300 3573 341 3638 ati
361 3573 510 3637 denarios
532 3573 593 3636 hos
614 3571 871 3636 animadverteu-
927 3582 993 3642 siae
1016 3581 1172 3656 diximus,
1201 3578 1374 3660 ampliavit.
1410 3579 1570 3642 Nimirum
1592 3601 1667 3644 oum

127 3678 203 3740 tium
226 3690 453 3762 praeterquam
473 3674 586 3739 coto.
609 3675 799 3758 antiquioris
820 3695 871 3738 ra·
928 3681 1054 3744 Caesius
1077 3682 1110 3742 in
1132 3681 1259 3761 judiciis
1279 3679 1418 3760 publicis
1434 3680 1587 3744 tabellam
1609 3703 1666 3767 pn-

125 3779 225 3842 tionia
249 3778 404 3860 scriptum
429 3777 662 3862 pro*COEL.,
692 3789 728 3839 ut
751 3790 785 3840 et
807 3775 870 3857 ipsi
926 3783 1004 3865 puio
1033 3783 1066 3842 in
1096 3781 1248 3863 suffragia
1276 3779 1436 3858 dedisset,
1468 3782 1667 3864 perduellio·

126 3883 161 3944 iti
180 3881 269 3944 numi
290 3903 351 3964 per
369 3893 461 3963 typoa
480 3878 691 3963 perantiquae
712 3891 785 3940 aunt
803 3877 870 3939 ior·
927 3885 977 3966 nis
995 3897 1102 3947 tamen
1120 3883 1274 3964 judicium
1294 3883 1439 3964 excepit,
1468 3885 1558 3965 cnjus
1578 3906 1665 3951 nono

124 4001 211 4048 mae.
242 3981 309 4076 Qui
333 3981 452 4044 suerint
473 3979 550 4042 trini
571 3977 606 4041 hi
627 3977 737 4060 oaldi,
761 3981 871 4062 conje-
926 3987 961 4046 in
990 3985 1049 4048 huo
1080 4005 1210 4069 quoqne
1239 4003 1332 4046 causa
1360 3997 1554 4066 potestatem
1581 4007 1665 4056 nova

125 4083 271 4150 otoribua
292 4081 408 4147 lubeua
425 4083 593 4167 permitto.
927 4087 1003 4170 lege
1026 4085 1104 4150 iecit
1126 4085 1275 4162 Coelius,
1301 4097 1336 4146 ut
1358 4083 1454 4147 docet
1475 4085 1593 4153 Cicero
1612 4088 1661 4171 b)·

487 4183 507 4221 ⁴
927 4192 1037 4270 Vno
1022 4211 1058 4251 ttt
1077 4209 1197 4270 genere
1218 4188 1363 4268 relinqui
1381 4185 1554 4250 videbatur
1573 4195 1665 4255 uocis

266 4287 304 4353 C.
325 4284 455 4352 COEL.
476 4287 660 4354 CALDVS.
682 4285 775 4350 COS.
806 4285 868 4348 Co·
923 4291 1132 4374 suffragium,
1146 4291 1262 4368 quoti
1248 4311 1317 4370 tpse
1332 4287 1468 4350 Cassius
1479 4303 1663 4372 exceperat

265 4400 328 4471 put
349 4389 447 4451 uirile
468 4389 768 4464 inluminante,
788 4387 867 4449 ltine
920 4390 1166 4474 perduellionis.
1189 4391 1383 4454 Deditltuio
1399 4409 1526 4473 quoque
1536 4391 1664 4471 judicio

268 4491 445 4566 vexillum,
467 4493 524 4552 oui
543 4493 757 4574 inscriptum:
782 4489 866 4554 ms.
926 4489 1061 4553 Coelius
1077 4491 1254 4570 tabellum,
1275 4493 1467 4572 docuitque,
1492 4498 1602 4570 quoad
1617 4501 1665 4560 ut'·

160 4719 194 4794 a>
213 4715 257 4778 oa
270 4713 381 4780 tavent
398 4721 429 4778 t.
439 4721 476 4780 tt
492 4687 552 4794 ati
626 4714 661 4789 t)
682 4711 1041 4792 detegtb.t.111.c.16.
