4184 5500
776 539 995 616 CASSIA.
1590 555 1658 632 101

113 733 199 798 sopor
214 703 296 790 isis,
319 731 356 772 no
372 704 492 790 κρυβδηι
508 705 720 788 depressius.
740 701 796 772 δια
810 731 860 790 τις
917 710 1027 773 rident
1050 712 1215 792 praetensi
1235 712 1459 794 Apollinares,
1498 731 1532 780 et
1560 719 1658 784 toties

110 815 159 878 ins
172 834 267 876 nnus
282 836 336 898 μιν
359 805 441 888 iius
458 807 574 874 incensu
593 831 643 874 ror
659 805 755 895 icturus
772 833 862 897 κεχαι
917 811 958 875 ad
974 811 1138 874 fastidium
1160 811 1285 879 obtrusi
1304 835 1377 878 eum
1400 815 1496 894 alies,
1524 831 1593 882 tum
1615 821 1657 883 ed

110 933 248 1000 (sepnor
264 913 356 999 tuos.
379 915 488 980 Sedet
501 915 564 976 lnce
577 915 724 976 omnium
739 917 861 996 optime
915 913 1003 976 ltunc
1025 913 1201 998 praecipue
1222 913 1401 982 denarium.
1435 921 1517 981 Nem
1541 919 1658 985 videor

113 1019 290 1100 legislator
308 1017 497 1102 praevidit,
522 1027 561 1078 ut
583 1016 669 1078 elem
693 1015 859 1102 suffragiu
915 1033 1014 1098 posse
1036 1036 1178 1100 negere,
1203 1031 1299 1100 caput
1318 1020 1442 1082 entioae
1467 1040 1539 1084 esee
1557 1022 1659 1105 Apol·

103 1117 287 1201 serre-ntur.
309 1119 399 1182 Cur?
414 1128 452 1180 ut
464 1137 557 1179 nemo
568 1131 723 1192 uestrum,
739 1118 797 1195 qut
809 1118 860 1178 rei
915 1116 1007 1196 linis,
1030 1117 1118 1202 quod
1134 1117 1241 1200 potius
1256 1119 1340 1182 louis
1358 1121 1549 1203 putandum,
1564 1125 1656 1206 cujus

112 1233 207 1296 sunt,
228 1221 349 1295 sciret,
372 1219 431 1298 qui
447 1217 515 1279 sttt
534 1230 619 1281 esset
635 1215 858 1302 gratificatus.
901 1231 1006 1282 'certa
1019 1217 1172 1282 attributa
1184 1233 1364 1302 sceptrum,
1380 1221 1521 1300 fulmen,
1537 1225 1654 1308 aquila.

263 1352 268 1368 =
372 1365 391 1403 „
476 1315 495 1352 ⁴⁵
579 1365 598 1401 „
917 1318 1016 1411 Quod
1032 1319 1188 1383 imberbis
1205 1335 1271 1398 eut,
1301 1333 1336 1384 ct
1355 1321 1655 1408 luxurientcapilli,

258 1420 366 1502 Caput
383 1421 505 1484 Vestae
524 1419 680 1496 uelatum,
696 1441 777 1503 prae
793 1441 857 1500 quc
915 1423 1027 1486 lovem
1051 1441 1117 1485 non
1138 1419 1317 1499 inficiatur,
1348 1423 1404 1508 qui
1425 1425 1543 1486 eodem
1565 1427 1655 1488 cultu

257 1522 372 1583 uarice
401 1517 572 1600 alphabeti
602 1521 738 1598 literae,
771 1541 857 1604 ponc
915 1537 1083 1606 comparet
1102 1523 1135 1583 in
1156 1524 1262 1586 nemis
1285 1523 1515 1606 Syracusarum
1541 1525 1655 1589 inscri-

203 1685 208 1694 ,
255 1619 442 1702 simpulum.
565 1667 567 1670 -
866 1651 869 1660 ⁴
914 1625 978 1708 ptis
993 1619 1130 1689 ΖΕΤΣ.
1147 1619 1411 1690 ΕΛΛΑΝΙΟΣ.
1459 1625 1547 1720 Quid
1565 1629 1654 1710 quod

111 1721 350 1790 LONGlNVS.
370 1721 457 1788 lllV.
483 1723 546 1784 Vir
562 1733 698 1803 togatus
713 1733 808 1784 stans
824 1721 855 1782 d.
915 1724 1176 1808 etVejnppiter,
1210 1739 1243 1788 et
1259 1726 1404 1810 luppiter
1418 1727 1511 1788 Axur
1532 1727 1654 1790 intonsi

112 1827 291 1900 tabellum,
316 1827 373 1886 cui
390 1825 585 1917 inscriptum
605 1825 645 1884 V.
665 1842 764 1904 super
783 1821 859 1883 iusi
915 1838 990 1888 sunt
1014 1839 1050 1887 nt
1066 1825 1192 1889 docent
1216 1826 1342 1889 denarii
1376 1830 1509 1892 Caeciae
1540 1843 1573 1891 et
1598 1831 1654 1896 Vi-

111 1939 215 1991 tcnet.
607 1983 610 1994 ‚
728 1977 731 1986 .
914 1926 998 1992 bine.

175 2027 313 2092 Denarii
336 2023 370 2086 hi
393 2037 530 2108 propter
550 2023 639 2086 idem
660 2023 781 2090 Vestae
807 2041 858 2086 ca·
992 2057 995 2064 Δ
1167 2054 1190 2093 s
1274 2007 1293 2045 ⁴
1376 2055 1396 2093 s

110 2145 172 2216 put
199 2127 240 2194 ab
266 2125 384 2193 eodem
414 2126 455 2219 Q.
478 2125 606 2202 Cassio,
636 2147 653 2188 e
676 2145 741 2208 quo
762 2145 856 2209 pree·
1057 2130 1165 2212 Guput
1187 2123 1316 2190 Bucclti
1330 2129 1453 2192 tedam
1477 2143 1511 2194 et
1527 2153 1654 2216 corym-

110 2231 288 2306 cedentes,
330 2227 482 2292 ridentur
511 2225 638 2308 signati.
680 2226 792 2289 Litera
823 2225 856 2292 V
1052 2229 1104 2292 llis
1120 2240 1331 2306 euronotum,
1348 2250 1435 2312 pone
1453 2233 1599 2316 thyrsus.

110 2335 253 2400 tabellae
280 2327 433 2412 inscripta
454 2327 647 2396 Vaillantiue
673 2327 779 2390 credit
808 2326 855 2387 in·
910 2331 952 2398 1..
969 2330 1102 2395 CASSI.
1120 2328 1163 2421 Q.
1184 2328 1222 2392 F.
1259 2331 1367 2412 Caput
1383 2333 1543 2397 muliebre
1559 2355 1651 2418 pam.

111 2438 217 2501 tllctt'i
243 2435 357 2518 pluteo
378 2429 417 2505 ub
438 2429 556 2494 eodem
578 2431 618 2494 Is.
637 2427 748 2492 Catulo
772 2429 854 2490 lutee
906 2436 1000 2518 pinis
1015 2444 1219 2495 coronatum.
1241 2433 1310 2494 AR.
1328 2431 1366 2498 C,

110 2540 223 2622 leges,
252 2554 334 2619 quae
360 2553 433 2595 eum
462 2554 575 2597 omnes
595 2529 757 2598 uocabulo
778 2529 855 2594 v't‘t
974 2534 1126 2608 Vrsinus,
1149 2551 1246 2615 quem
1260 2531 1378 2595 deiude
1393 2524 1585 2616 secuti‘snnt
1600 2557 1651 2601 re·

109 2640 285 2724 incipiant,
311 2635 446 2719 primam
468 2635 538 2718 ejus
557 2631 706 2698 uooelsuli
726 2630 855 2694 literam
911 2635 1012 2720 liqui,
1033 2635 1067 2695 in
1082 2633 1132 2695 his
1150 2633 1255 2694 nemis
1272 2633 1374 2716 capite
1391 2633 1523 2714 Liberi,
1552 2635 1651 2703 Libe·

109 2743 144 2804 in
177 2738 298 2804 tabella
334 2734 484 2819 exprimi.
534 2737 578 2800 At
611 2737 855 2817 Havercempus
911 2755 1034 2820 rneqne
1060 2733 1167 2814 ridet,
1197 2733 1409 2820 quibusadeo
1429 2737 1513 2818 typis
1538 2755 1652 2804 censet

107 2841 249 2908 uerbum
279 2839 423 2916 VETO,
454 2857 520 2921 quo
548 2837 600 2900 uei
628 2849 703 2900 eunt
730 2833 853 2898 tribuni
910 2839 1015 2916 innui,
1046 2835 1133 2922 qnod
1155 2835 1260 2899 refert
1282 2835 1474 2918 Dionysius,
1502 2839 1657 2922 Sp..cs,.·

107 2944 238 3030 plebis,
277 2961 351 3005 cnm
379 2937 589 3002 intercedere
616 2938 686 3022 legi
715 2935 851 3020 pleouit,
909 2940 991 3002 sium
1010 2961 1077 3004 eos.
1100 2939 1141 3006 V.
1158 2937 1194 3002 C.
1213 2935 1271 2998 ultr
1290 2935 1406 2999 eedem
1425 2938 1574 3019 Cereris,
1596 2945 1650 3004 Li·

107 3046 250 3122 merult,
275 3057 307 3108 ct
324 3054 516 3126 auguratur,
536 3063 554 3103 u
572 3041 612 3104 L.
629 3039 740 3102 Caesio
763 3036 850 3100 circa
907 3041 998 3116 beri,
1015 3039 1221 3122 Liberaeque
1236 3049 1341 3100 votem
1357 3038 1448 3102 bello
1462 3041 1579 3104 Latino
1592 3043 1649 3105 dc·

105 3147 192 3212 illud
219 3145 354 3210 vetandi
382 3143 432 3226 jus
462 3141 601 3224 aliquem
625 3141 726 3204 luisse
752 3139 850 3203 latam
907 3145 1043 3207 dicasse.
1066 3139 1133 3202 Sed
1149 3139 1235 3202 euim
1248 3139 1494 3202 Lib'esueadem
1512 3156 1649 3207 estcuru

104 3252 231 3334 legem.
265 3247 410 3330 Vtraque
439 3241 600 3310 sententie
626 3243 711 3306 intra
741 3240 851 3324 conje-
906 3242 1123 3326 Proserpina3
1152 3256 1186 3304 at
1205 3261 1285 3306 nero
1302 3241 1397 3323 hujus
1415 3257 1511 3325 calent
1527 3247 1649 3328 pampi-

106 3365 217 3416 eturut
237 3348 330 3414 sistit.
906 3348 957 3409 nis
983 3343 1153 3421 exornari,
1193 3357 1230 3407 ut
1258 3342 1291 3403 in
1320 3359 1494 3425 praesente
1530 3368 1646 3424 numu,

364 3477 383 3515 n
467 3429 486 3466 ⁴
570 3475 590 3514 e
906 3447 1050 3511 noudum
1069 3445 1148 3507 mihi
1163 3459 1378 3528 compertum.

251 3555 357 3634 Caput
382 3549 530 3630 juvenile
554 3549 678 3612 nudum
702 3549 849 3631 prolixis
1162 3592 1181 3630 „
1263 3547 1283 3584 ⁸*
1366 3593 1385 3632 4

245 3655 407 3729 crinibus,
424 3671 510 3733 pone
527 3663 700 3731 sceptrum.
909 3653 943 3715 C.
960 3651 1096 3713 Cassius
1109 3649 1282 3732 Longinus
1293 3649 1373 3730 imp.

106 3757 147 3848 Q.
166 3753 355 3820 CASSlVS.
379 3753 512 3832 Aquila
517 3752 664 3836 fulmini
678 3754 846 3824 insistens,
967 3752 1072 3834 Hujus
1087 3748 1245 3824 hominis,
1267 3749 1324 3834 qui
1350 3769 1423 3811 cum
1443 3751 1547 3814 Bruto
1569 3773 1646 3815 con·

103 3861 184 3921 irinc
199 3859 319 3932 lituus,
341 3857 417 3918 inde
430 3853 695 3936 praefericulum.
718 3850 788 3914 All.
804 3851 845 3914 tt.
903 3867 952 3916 tre
991 3853 1163 3916 Caesarem
1211 3849 1403 3914 dictatorem
1446 3854 1644 3936 conjuravit,

168 3958 340 4022 Existimat
355 3953 506 4039 Pighius,
525 3952 558 4012 in
574 3952 678 4016 eutice
695 3951 845 4014 exhiberi
902 3954 1092 4036 bellumque
1122 3949 1241 4014 deinde
1271 3971 1345 4014 eum
1376 3954 1499 4016 lllviris
1528 3957 1644 4040 gessit,

103 4075 202 4146 eaput
224 4059 385 4144 Apollinis
407 4077 480 4120 eum
503 4067 634 4138 seeptro
660 4053 772 4137 regio,
801 4065 846 4116 et·
902 4077 1016 4118 numos
1040 4057 1073 4116 in
1104 4066 1268 4116 monetam
1290 4053 1522 4136 imperatorum
1551 4055 1644 4119 dilie-

104 4183 171 4248 que
202 4161 288 4224 istud
313 4173 450 4244 propter
476 4157 573 4220 ludos
593 4155 800 4240 Apollinares
827 4177 845 4218 e
902 4158 1013 4222 rimus.

105 4265 151 4358 Q.
168 4265 280 4327 Cassio
297 4261 448 4345 Longino
467 4259 501 4320 in
518 4270 667 4343 praetura
684 4255 846 4336 editum),
1164 4285 1183 4322 s
1268 4239 1286 4274 ⁴
1372 4285 1390 4320 s

104 4369 160 4432 eui
176 4365 354 4431 sententiae
370 4383 436 4428 uon
451 4360 846 4426 adverseturflavercam·
907 4361 1010 4424 Celer.
1278 4427 1286 4446 ‚

103 4493 186 4555 pus,
217 4467 279 4533 etei
306 4467 403 4532 toties
430 4463 622 4542 contendet,
650 4483 718 4528 nou
744 4461 845 4525 luisse
966 4463 1003 4527 C.
1015 4459 1203 4528 CASSIVS.
1223 4459 1379 4522 CELER.
1400 4459 1532 4526 tttvttt.
1546 4459 1586 4524 A.
1603 4461 1642 4524 A.

104 4585 294 4656 praetorum
315 4569 416 4632 ferire
435 4579 608 4632 monetam.
637 4565 682 4626 At
703 4585 768 4629 non
791 4563 846 4628 ud·
903 4564 943 4625 A.
957 4563 997 4630 F.
1006 4564 1044 4630 F.
1065 4561 1224 4626 iuuencis
1241 4561 1435 4647 Augustill.
1454 4561 1591 4629 formae.
1607 4564 1643 4628 C.

143 4791 176 4862 ι)
194 4787 267 4845 Tem
283 4786 335 4846 lll.
348 4806 378 4864 p.
392 4797 454 4860 29⁸·
