4180 5484
330 487 342 511 ν
410 465 500 552 ιτῇΙ
750 493 756 498 ·
1066 451 1299 532 cosma.

413 633 486 706 eit,
502 648 554 703 se,
574 637 614 688 ut
630 622 823 708 opprimeret
845 619 880 682 C.
895 586 1082 704 Popilium,
1095 646 1154 686 ro·
1209 622 1363 688 desidero
1384 623 1571 709 exemplum
1592 619 1733 690 nominis
1754 625 1849 692 unius
1872 611 1956 711 ejus·
2069 635 2070 716 l

413 831 453 894 sii
469 828 610 893 tabellae
627 826 817 911 inscriptum
834 825 874 888 A.
891 826 926 892 C.
943 823 978 886 id
996 837 1062 890 ests
1089 826 1154 886 Ab·
1207 828 1325 912 pressi.
1365 825 1521 920 Quisquis
1548 845 1631 910 ergo
1658 827 1719 892 l'uit
1739 829 1794 894 hic
1817 829 1955 909 Caldus,

411 935 503 995 solvo
521 931 723 1006 condemno,
744 940 777 992 at
795 927 830 988 in
847 927 898 988 bis
914 927 1010 994 IuD.
1031 925 1065 988 id
1085 939 1151 989 ests
1210 947 1251 1006 ex
1283 927 1461 1013 epigraphe
1492 939 1620 990 cerrum
1649 928 1705 1005 fit·
1746 931 1849 998 (uim
1879 954 1957 999 em
2069 955 2070 958 ,

413 732 521 793 ruisse
538 739 571 792 et
591 727 670 807 reip.
701 722 850 792 Vidimus
868 720 902 784 in
919 722 1060 787 denariis
1077 723 1152 788 Cas·
1208 725 1349 812 demque
1374 724 1438 790 riri
1461 725 1496 786 iu
1522 737 1660 811 utraque
1681 728 1772 790 numi
1791 729 1878 795 faeie
1900 751 1957 794 ex·

411 1033 530 1094 bibero
546 1031 693 1106 Damno,
719 1027 761 1090 de
780 1048 844 1112 quo
861 1025 936 1092 ride
955 1028 1048 1110 plura
1068 1024 1154 1110 apud
1210 1031 1471 1105 lMPer'utorem,
1495 1031 1842 1112 engeramnum
1862 1039 1960 1118 egris

409 1131 562 1218 Pighium
584 1133 625 1216 ¹).
667 1131 716 1194 Ea
741 1130 819 1213 lege
845 1129 980 1212 gratiam
1008 1151 1026 1191 a
1052 1149 1160 1213 pupu—
1210 1131 1420 1205 dr‘viduadis,
1456 1147 1595 1212 cumque
1631 1131 1813 1218 epigraphe
1851 1135 1958 1198 literis

411 1233 445 1296 lo
474 1233 584 1308 inivit,
612 1232 813 1314 factumque,
843 1242 879 1290 ut
907 1229 939 1290 in
967 1231 1154 1292 consulatus
1210 1227 1535 1314 perpendicularibus
1569 1233 1747 1296 secuudum
1781 1235 1959 1319 longitndi-
2069 1239 2070 1288 i

409 1334 568 1419 petitione
597 1335 639 1400 V.-
663 1333 700 1395 C.
727 1331 790 1393 dbo
821 1328 892 1410 ipse
912 1329 1019 1392 *homo
1048 1349 1158 1394 uerus
1211 1351 1286 1393 nem
1313 1343 1525 1413 tropaeorum
1556 1345 1687 1396 exarata
1715 1332 1774 1411 sit,
1804 1352 1957 1424 apparet,

400 1433 601 1536 ‘candidatos
631 1433 712 1496 alios
749 1430 847 1494 facile
884 1442 1078 1516 superaret,
1116 1442 1155 1492 ut
1211 1431 1251 1495 ad
1283 1431 1369 1495 h-unc
1397 1431 1433 1494 C.
1456 1430 1591 1494 Caldum
1619 1433 1688 1517 ipsa
1714 1433 1796 1499 haec
1823 1450 1959 1530 tropaea

408 1537 532 1598 iterum·
557 1545 694 1598 testatur
721 1529 838 1594 Cicero
864 1526 911 1614 ι)).
950 1529 1078 1594 Exinde
1106 1530 1156 1596 ri·
1209 1533 1397 1618 pertinere,
1426 1545 1462 1597 et
1488 1532 1600 1598 adludi
1626 1535 1668 1598 ad
1694 1535 1885 1614 victoriam,
1915 1559 1959 1602 ex

411 1634 507 1698 detur
535 1634 650 1698 missus
672 1654 733 1718 pro
755 1631 890 1696 consule
912 1631 945 1692 in
965 1631 1156 1717 Hispanias,
1210 1655 1272 1720 qua
1303 1634 1484 1717 imperator
1514 1647 1564 1698 est
1592 1637 1794 1702 acclamatus.
1839 1639 1956 1722 Neque
2069 1701 2070 1716 ,

410 1750 444 1800 et
464 1750 529 1799 tum
549 1737 703 1802 uirtutem
720 1735 894 1799 militarem
911 1734 1152 1820 comprobasse,
1210 1739 1285 1820 plus
1311 1749 1436 1800 constat
1456 1733 1503 1809 de·
1520 1737 1559 1802 L.
1582 1737 1743 1804 CALDO.
1765 1739 1838 1806 Vll.
1860 1741 1957 1806 VlRo
2069 1779 2070 1794 ,

410 1837 497 1926 quod
522 1839 702 1903 tacentibus
726 1837 887 1901 historicis
910 1835 1031 1898 docent
1052 1835 1152 1910 numi,
1209 1837 1439 1905 EPVLonum.
1450 1835 1656 1904 Praeclaram
1671 1837 1870 1903 lectisternii
1883 1843 1959 1902 ims-
2069 1847 2070 1922 f

410 1943 443 2000 in
468 1941 585 2024 quibus
607 1941 856 2034 vexillum—cum
882 1934 1042 2002 vocabulo
1064 1951 1153 2000 trun·
1211 1941 1320 2023 ginem
1340 1935 1375 1998 bi
1391 1937 1518 2002 denarii
1537 1939 1704 2004 exhibent.
1727 1939 1779 2003 De
1795 1939 1959 2004 lectister-
2069 1933 2070 1936 ’

410 2054 481 2105 esto
504 2043 696 2126 HlSpuuiu,
722 2056 755 2106 et
776 2061 864 2105 arma
885 2035 1069 2122 Hispanica.
1100 2035 1153 2098 Ad
1211 2041 1272 2102 niis
1301 2051 1336 2102 et
1356 2039 1575 2122 epulonibus,
1604 2041 1660 2126 qui
1690 2040 1869 2104 secundum
1898 2043 1959 2102 Fe·

409 2141 547 2207 eandem
573 2143 745 2228 regionem
773 2141 917 2226 pertinet
939 2139 1035 2201 etiam
1056 2158 1154 2222 aper,
1212 2155 1295 2204 stum
1322 2141 1391 2205 lori
1417 2141 1603 2227 ceterisque
1629 2141 1691 2205 diis
1713 2144 1848 2226 epulum
1878 2141 1959 2206 iudi·
2069 2151 2070 2220 j

410 2245 465 2329 qui
501 2242 618 2308 eodem
652 2245 752 2308 modo
784 2265 829 2308 ex
853 2237 964 2304 hastili
992 2239 1155 2321 praefisus
1211 2241 1308 2307 cendi
1335 2253 1529 2324 potestatem
1560 2242 1721 2320 habuere,
1749 2242 1845 2322 ride,
1875 2263 1958 2328 quae
2069 2295 2070 2314 ,

411 2359 556 2429 gestatur
584 2345 623 2409 sb
652 2345 761 2429 equite
788 2345 823 2406 in
853 2362 952 2404 numo
974 2341 1153 2424 Hispanico
1210 2343 1341 2408 tradunt
1356 2341 1477 2406 rituum
1497 2346 1538 2408 R.
1559 2345 1769 2428 interpretes.
1798 2347 1837 2408 lu
1857 2365 1958 2408 numo
2069 2333 2070 2378 l

411 2445 495 2530 apud
517 2447 707 2509 Mosellium
732 2448 774 2529 ο).
817 2447 870 2510 Ex
890 2442 996 2506 numis
1018 2441 1153 2506 Cluniae
1211 2464 1342 2530 quoque
1379 2443 1573 2508 Hadrumeti
1610 2446 1801 2528 byzacenus
1836 2445 1957 2510 Fabius
2069 2463 2070 2502 l

411 2571 429 2610 s
466 2547 624 2630 Floreaio
663 2546 802 2628 vulgatis
842 2557 1000 2628 apparet,
1039 2549 1154 2628 a'prum
1210 2547 1370 2611 Maximus
1388 2544 1508 2608 dicitur
1526 2547 1597 2616 Vll.
1616 2546 1704 2614 Vlli.
1723 2547 1890 2613 EPVLO.
1921 2551 1957 2610 ln

411 2647 512 2708 luisse
543 2646 638 2728 hujus
668 2647 758 2709 urbis
787 2645 932 2732 insigne,
961 2665 1061 2727 super
1089 2664 1153 2731 quo
1211 2647 1323 2710 infimo
1344 2648 1434 2710 numi
1454 2645 1601 2730 margine
1620 2660 1752 2710 notatur
1769 2648 1956 2718 CALDVS.

412 2759 604 2832 argumento
632 2744 707 2812 ride
734 2747 851 2820 etiam,
884 2765 966 2832 quae
993 2767 1011 2810 a
1039 2766 1092 2810 me
1120 2745 1178 2807 in·
1210 2751 1343 2817 lllVIR.
1358 2747 1547 2826 monetalis,
1570 2745 1626 2831 qui
1642 2748 1802 2828 malorum
1821 2771 1956 2814 suorum

412 2849 519 2911 numia
541 2847 723 2912 autonomis
746 2847 868 2912 Galbae
890 2846 1029 2932 Augusti
1056 2845 1155 2910 disse·
1210 2851 1354 2934 insignes
1374 2852 1518 2912 honores
1534 2849 1754 2918 resuscitarit.

413 2965 544 3028 rentur,
572 2963 608 3014 'et
639 2952 725 3016 dieta
752 2949 816 3034 jum
846 2960 921 3011 suut
950 2947 992 3012 ad
1021 2949 1154 3013 eosdem
1274 2953 1377 3036 Caput
1391 2951 1478 3016 Solis
1491 2950 1525 3010 in
1540 2971 1640 3014 numo
1654 2965 1825 3035 postremo
1842 2972 1957 3018 secuu-

414 3053 548 3116 Cluniae
570 3073 704 3132 uumos,
739 3065 773 3116 et
794 3049 828 3112 in
848 3050 1093 3136 prolegomenis
1115 3048 1156 3112 ad
1211 3053 1286 3117 dum
1307 3055 1567 3137 Harereampum
1585 3051 1772 3127 adluditud
1790 3053 1862 3138 ejus
1881 3055 1959 3119 arui

294 3217 296 3223 ,
412 3176 528 3217 numos
550 3153 686 3218 Galliae.
728 3151 839 3246 Quare
866 3153 983 3217 animal
1009 3153 1095 3217 istud
1121 3154 1155 3214 in
1214 3157 1355 3234 cultum,
1377 3154 1412 3216 in
1436 3154 1610 3238 Hispania,
1632 3167 1668 3216 ut
1690 3153 1752 3233 ait,
1778 3154 1960 3234 celebrent,

414 3256 520 3320 Coelii
539 3256 645 3317 uumis
667 3255 826 3338 signatum
853 3252 941 3319 l'orte
966 3255 1157 3320 memoriam
1214 3257 1302 3344 quod
1337 3275 1437 3340 segre
1469 3256 1596 3339 probat.
1641 3256 1836 3340 Praeplaeet
1867 3271 1959 3324 retus

414 3369 547 3420 revocat
568 3355 703 3418 Cluniae
733 3353 773 3416 ab
802 3353 920 3416 eodem
946 3369 1001 3418 sut
1027 3370 1161 3439 captae,
1214 3359 1374 3423 sententia
1387 3357 1499 3442 Pighii
1514 3356 1556 3439 d),
1571 3378 1667 3443 quam
1681 3357 1847 3442 adoptarit
1862 3360 1959 3424 etiam

415 3471 469 3522 aut
488 3457 528 3521 ad
547 3455 737 3542 obsequium
756 3453 927 3531 reductae,
948 3469 1002 3518 aut
1021 3457 1157 3542 insignis
1215 3460 1416 3537 Vaillautius,
1434 3460 1496 3524 etsi
1510 3471 1678 3524 auctorem
1694 3457 1889 3532 dissimulet,
1904 3461 1959 3544 qui

414 3560 491 3625 lacti
518 3558 558 3622 sd
583 3577 654 3622 eam
680 3555 796 3621 urbem
821 3556 957 3642 patrati,
985 3557 1073 3642 quud
1095 3557 1158 3622 dis·
1214 3563 1591 3646 iuboctypousitatsm
1613 3560 1796 3627 adnomen
1819 3557 1959 3625 adlusio-

415 3676 529 3728 catere
551 3677 828 3746 supervacaneum
854 3657 1032 3724 tacentibus
1058 3661 1159 3727 histo·
1214 3685 1290 3729 nem
1311 3663 1419 3740 ridet3
1445 3685 1528 3728 nam·
1542 3663 1612 3756 sire
1634 3663 1768 3728 Caelum
1792 3664 1958 3748 respicias,

416 3765 503 3830 ricis.
770 3803 773 3810 .
814 3763 819 3770 ’
1214 3767 1345 3852 sulpur
1367 3767 1619 3850 coelumgyrat,
1640 3763 1710 3831 sire
1732 3763 1890 3842 Caldam,
1909 3765 1959 3830 sol

478 3867 516 3929 lu
534 3884 654 3933 eversu⁴
667 3861 793 3928 sistitur
811 3863 848 3928 C.
865 3862 1050 3934 estuve.
1068 3865 1156 3926 lhlP.
1215 3870 1359 3930 autorem
1376 3865 1486 3932 eflicit.
1517 3865 1675 3950 Apposite
1696 3867 1760 3932 hue
1779 3865 1889 3937 Varro
1911 3869 1958 3950 e):

416 3969 457 4036 h.
479 3969 540 4046 Σ,
570 3985 666 4054 quam
691 3964 936 4050 inscriptionem
963 3968 1159 4030 Hurercam·
1216 3968 1371 4033 Camillis
1395 3989 1468 4034 cum
1492 3966 1614 4034 sote
1633 3967 1801 4032 cAtoo
1819 3987 1902 4052 ego,
1928 3981 1961 4032 et

415 4059 478 4158 pus
502 4067 543 4135 sd
565 4068 707 4135 eundem
729 4067 865 4134 Celdum
886 4089 973 4147 eoa,
996 4067 1087 4150 cujus
1110 4085 1161 4132 cs·
1221 4069 1261 4154 Q.
1286 4069 1414 4133 Arrius
1438 4081 1572 4134 senator
1597 4069 1733 4134 tribulis
1759 4070 1959 4158 suffugium

416 4186 476 4259 put
502 4171 640 4239 anticam
670 4183 824 4258 occupat,
859 4170 974 4238 refert
1022 4172 1067 4234 At
1095 4189 1159 4253 ego
1217 4171 1408 4235 tulissemus
1427 4183 1489 4234 ere.

455 4613 583 4772 ήκω.
598 4613 694 4780 legt
703 4623 812 4768 pies.
890 4612 927 4689 b)
947 4610 986 4675 ds
1000 4611 1086 4676 Petit
1100 4629 1182 4678 som.
1198 4623 1259 4680 cs·
1340 4611 1372 4688 c)
1389 4609 1477 4676 uun,
1490 4609 1573 4691 nup.
1588 4629 1669 4676 num.
1686 4623 1730 4676 st.
1812 4609 1848 4686 d)
1867 4607 1959 4672 um

417 4719 473 4786 pt
514 4747 521 4763 .
601 4721 618 4762 a
673 4723 690 4765 s
729 4745 736 4764 .
772 4745 789 4766 .,
